<?xml version="1.0" encoding="UTF-8"?>
<!DOCTYPE html PUBLIC "-//W3C//DTD XHTML 1.0 Transitional//EN"
    "http://www.w3.org/TR/xhtml1/DTD/xhtml1-transitional.dtd">
<html xmlns="http://www.w3.org/1999/xhtml" xml:lang="en" lang="en">
 <head>
  <title>
</title>
<meta http-equiv="Content-Type" content="text/html;charset=utf-8" />
  <meta name='ocr-system' content='tesseract 3.04.00' />
  <meta name='ocr-capabilities' content='ocr_page ocr_carea ocr_par ocr_line ocrx_word'/>
</head>
<body>
  <div class='ocr_page' id='page_1' title='image "./dejustitiaapuda01lapigoog_0065.png"; bbox 0 0 3200 5058; ppageno 0'>
   <div class='ocr_carea' id='block_1_1' title="bbox 334 624 1089 692">
    <p class='ocr_par' dir='ltr' id='par_1_1' title="bbox 334 624 1089 692">
     <span class='ocr_line' id='line_1_1' title="bbox 334 624 1089 692; baseline -0.001 0"><span class='ocrx_word' id='word_1_1' title='bbox 334 624 371 692; x_wconf 75' lang='grc'>36</span> <span class='ocrx_word' id='word_1_2' title='bbox 612 648 648 690; x_wconf 80' lang='lat' dir='ltr'>DE</span> <span class='ocrx_word' id='word_1_3' title='bbox 667 647 788 690; x_wconf 76' lang='lat' dir='ltr'>Jusrlrla</span> <span class='ocrx_word' id='word_1_4' title='bbox 808 648 881 690; x_wconf 79' lang='lat' dir='ltr'>APUD</span> <span class='ocrx_word' id='word_1_5' title='bbox 902 647 1089 691; x_wconf 76' lang='lat' dir='ltr'>aalsrorutctt</span> 
     </span>
    </p>
   </div>
   <div class='ocr_carea' id='block_1_2' title="bbox 326 773 1369 3418">
    <p class='ocr_par' dir='ltr' id='par_1_2' title="bbox 329 773 1369 2010">
     <span class='ocr_line' id='line_1_2' title="bbox 333 773 1369 852; baseline -0.001 -17"><span class='ocrx_word' id='word_1_6' title='bbox 333 776 538 835; x_wconf 84' lang='lat' dir='ltr'>adhibendam</span> <span class='ocrx_word' id='word_1_7' title='bbox 553 775 584 833; x_wconf 91' lang='lat' dir='ltr'>in</span> <span class='ocrx_word' id='word_1_8' title='bbox 597 792 674 851; x_wconf 87' lang='lat' dir='ltr'>quas</span> <span class='ocrx_word' id='word_1_9' title='bbox 688 778 852 851; x_wconf 85' lang='lat' dir='ltr'>postquam</span> <span class='ocrx_word' id='word_1_10' title='bbox 864 775 1025 852; x_wconf 83' lang='lat' dir='ltr'>dignitatis</span> <span class='ocrx_word' id='word_1_11' title='bbox 1039 792 1239 851; x_wconf 87' lang='lat' dir='ltr'>personarum</span> <span class='ocrx_word' id='word_1_12' title='bbox 1251 773 1369 849; x_wconf 86' lang='lat' dir='ltr'>aliqua-</span> 
     </span>
     <span class='ocr_line' id='line_1_3' title="bbox 332 881 1368 959; baseline -0.002 -18"><span class='ocrx_word' id='word_1_13' title='bbox 332 886 423 941; x_wconf 85' lang='lat' dir='ltr'><strong>tenus</strong></span> <span class='ocrx_word' id='word_1_14' title='bbox 440 882 546 941; x_wconf 89' lang='lat' dir='ltr'>habita</span> <span class='ocrx_word' id='word_1_15' title='bbox 560 882 678 941; x_wconf 88' lang='lat' dir='ltr'>ratione</span> <span class='ocrx_word' id='word_1_16' title='bbox 697 882 829 957; x_wconf 88' lang='lat' dir='ltr'>pretium</span> <span class='ocrx_word' id='word_1_17' title='bbox 844 899 971 957; x_wconf 90' lang='lat' dir='ltr'>operum</span> <span class='ocrx_word' id='word_1_18' title='bbox 983 899 1037 958; x_wconf 89' lang='lat' dir='ltr'>per</span> <span class='ocrx_word' id='word_1_19' title='bbox 1060 881 1280 959; x_wconf 79' lang='lat' dir='ltr'>geometricam</span> <span class='ocrx_word' id='word_1_20' title='bbox 1298 898 1368 956; x_wconf 93' lang='lat' dir='ltr'>pro-</span> 
     </span>
     <span class='ocr_line' id='line_1_4' title="bbox 333 987 1368 1065; baseline -0.003 -17"><span class='ocrx_word' id='word_1_21' title='bbox 333 989 503 1064; x_wconf 78' lang='lat' dir='ltr'>portionem</span> <span class='ocrx_word' id='word_1_22' title='bbox 522 989 709 1063; x_wconf 86' lang='lat' dir='ltr'>disjunctam</span> <span class='ocrx_word' id='word_1_23' title='bbox 726 987 897 1049; x_wconf 87' lang='lat' dir='ltr'>stabilitum</span> <span class='ocrx_word' id='word_1_24' title='bbox 919 989 969 1061; x_wconf 86' lang='lat' dir='ltr'>sit,</span> <span class='ocrx_word' id='word_1_25' title='bbox 986 1007 1040 1065; x_wconf 89' lang='lat' dir='ltr'>per</span> <span class='ocrx_word' id='word_1_26' title='bbox 1054 988 1281 1048; x_wconf 81' lang='lat' dir='ltr'>arithmeticam</span> <span class='ocrx_word' id='word_1_27' title='bbox 1298 1005 1368 1063; x_wconf 93' lang='lat' dir='ltr'>pro-</span> 
     </span>
     <span class='ocr_line' id='line_1_5' title="bbox 331 1095 1366 1172; baseline -0.001 -18"><span class='ocrx_word' id='word_1_28' title='bbox 331 1095 502 1171; x_wconf 90' lang='lat' dir='ltr'>portionem</span> <span class='ocrx_word' id='word_1_29' title='bbox 517 1096 727 1156; x_wconf 88' lang='lat' dir='ltr'>continentem</span> <span class='ocrx_word' id='word_1_30' title='bbox 742 1114 834 1172; x_wconf 87' lang='lat' dir='ltr'>opera</span> <span class='ocrx_word' id='word_1_31' title='bbox 849 1097 887 1155; x_wconf 89' lang='lat' dir='ltr'>ad</span> <span class='ocrx_word' id='word_1_32' title='bbox 900 1095 1106 1172; x_wconf 73' lang='lat' dir='ltr'>equalitatem</span> <span class='ocrx_word' id='word_1_33' title='bbox 1124 1095 1332 1172; x_wconf 88' lang='lat' dir='ltr'>redigantur¹.</span> <span class='ocrx_word' id='word_1_34' title='bbox 1352 1118 1366 1149; x_wconf 85' lang='lat'>»</span> 
     </span>
     <span class='ocr_line' id='line_1_6' title="bbox 332 1202 1367 1279; baseline -0.001 -18"><span class='ocrx_word' id='word_1_35' title='bbox 332 1203 368 1261; x_wconf 90' lang='lat' dir='ltr'>Et</span> <span class='ocrx_word' id='word_1_36' title='bbox 382 1204 568 1263; x_wconf 90' lang='lat' dir='ltr'>Ramsauer:</span> <span class='ocrx_word' id='word_1_37' title='bbox 590 1226 605 1258; x_wconf 78' lang='lat' dir='ltr'>o</span> <span class='ocrx_word' id='word_1_38' title='bbox 629 1203 755 1262; x_wconf 77' lang='lat' dir='ltr'>Accedit</span> <span class='ocrx_word' id='word_1_39' title='bbox 777 1204 835 1262; x_wconf 91' lang='lat' dir='ltr'>hoc</span> <span class='ocrx_word' id='word_1_40' title='bbox 852 1203 964 1279; x_wconf 89' lang='lat' dir='ltr'>capite,</span> <span class='ocrx_word' id='word_1_41' title='bbox 983 1203 1094 1278; x_wconf 85' lang='lat' dir='ltr'>inquit,</span> <span class='ocrx_word' id='word_1_42' title='bbox 1118 1203 1157 1262; x_wconf 92' lang='lat' dir='ltr'>ad</span> <span class='ocrx_word' id='word_1_43' title='bbox 1176 1202 1235 1261; x_wconf 95' lang='lat' dir='ltr'>duo</span> <span class='ocrx_word' id='word_1_44' title='bbox 1253 1218 1367 1279; x_wconf 88' lang='lat' dir='ltr'>genera</span> 
     </span>
     <span class='ocr_line' id='line_1_7' title="bbox 329 1308 1367 1386; baseline -0.001 -19"><span class='ocrx_word' id='word_1_45' title='bbox 329 1328 395 1385; x_wconf 81' lang='lat' dir='ltr'>qua</span> <span class='ocrx_word' id='word_1_46' title='bbox 422 1309 460 1369; x_wconf 88' lang='lat' dir='ltr'>ab</span> <span class='ocrx_word' id='word_1_47' title='bbox 491 1310 579 1369; x_wconf 92' lang='lat' dir='ltr'>initio</span> <span class='ocrx_word' id='word_1_48' title='bbox 611 1309 675 1370; x_wconf 92' lang='lat' dir='ltr'>sola</span> <span class='ocrx_word' id='word_1_49' title='bbox 706 1310 864 1386; x_wconf 90' lang='lat' dir='ltr'>proposita</span> <span class='ocrx_word' id='word_1_50' title='bbox 894 1311 1052 1369; x_wconf 85' lang='lat' dir='ltr'>Inerant...</span> <span class='ocrx_word' id='word_1_51' title='bbox 1086 1310 1214 1369; x_wconf 88' lang='lat' dir='ltr'>tertium</span> <span class='ocrx_word' id='word_1_52' title='bbox 1244 1308 1367 1384; x_wconf 87' lang='lat' dir='ltr'>aliquod</span> 
     </span>
     <span class='ocr_line' id='line_1_8' title="bbox 330 1415 1366 1493; baseline -0.002 -18"><span class='ocrx_word' id='word_1_53' title='bbox 330 1435 445 1493; x_wconf 89' lang='lat' dir='ltr'>genus:</span> <span class='ocrx_word' id='word_1_54' title='bbox 465 1418 558 1492; x_wconf 89' lang='lat' dir='ltr'>quod,</span> <span class='ocrx_word' id='word_1_55' title='bbox 583 1420 721 1476; x_wconf 88' lang='lat' dir='ltr'>veterum</span> <span class='ocrx_word' id='word_1_56' title='bbox 741 1416 886 1492; x_wconf 92' lang='lat' dir='ltr'>opinione</span> <span class='ocrx_word' id='word_1_57' title='bbox 901 1417 1148 1476; x_wconf 90' lang='lat' dir='ltr'>commendatum</span> <span class='ocrx_word' id='word_1_58' title='bbox 1166 1415 1228 1476; x_wconf 86' lang='lat' dir='ltr'>tale</span> <span class='ocrx_word' id='word_1_59' title='bbox 1243 1415 1366 1492; x_wconf 83' lang='lat' dir='ltr'>quidem</span> 
     </span>
     <span class='ocr_line' id='line_1_9' title="bbox 329 1522 1367 1600; baseline 0 -19"><span class='ocrx_word' id='word_1_60' title='bbox 329 1523 419 1600; x_wconf 88' lang='lat' dir='ltr'>quale</span> <span class='ocrx_word' id='word_1_61' title='bbox 438 1523 481 1582; x_wconf 92' lang='lat' dir='ltr'>illi</span> <span class='ocrx_word' id='word_1_62' title='bbox 495 1523 664 1583; x_wconf 89' lang='lat' dir='ltr'>laudabant</span> <span class='ocrx_word' id='word_1_63' title='bbox 679 1523 777 1598; x_wconf 88' lang='lat' dir='ltr'>accipi</span> <span class='ocrx_word' id='word_1_64' title='bbox 789 1523 906 1599; x_wconf 84' lang='lat' dir='ltr'>nequit,</span> <span class='ocrx_word' id='word_1_65' title='bbox 922 1523 1052 1582; x_wconf 88' lang='lat' dir='ltr'>relatum</span> <span class='ocrx_word' id='word_1_66' title='bbox 1075 1541 1145 1583; x_wconf 91' lang='lat' dir='ltr'>vero</span> <span class='ocrx_word' id='word_1_67' title='bbox 1162 1523 1312 1599; x_wconf 91' lang='lat' dir='ltr'>imprimis</span> <span class='ocrx_word' id='word_1_68' title='bbox 1329 1522 1367 1581; x_wconf 89' lang='lat' dir='ltr'>ad</span> 
     </span>
     <span class='ocr_line' id='line_1_10' title="bbox 330 1628 1366 1708; baseline -0.001 -19"><span class='ocrx_word' id='word_1_69' title='bbox 330 1631 477 1690; x_wconf 88' lang='lat' dir='ltr'>mercium</span> <span class='ocrx_word' id='word_1_70' title='bbox 492 1630 751 1707; x_wconf 86' lang='lat' dir='ltr'>permutationem</span> <span class='ocrx_word' id='word_1_71' title='bbox 767 1631 986 1706; x_wconf 86' lang='lat' dir='ltr'>redactumque</span> <span class='ocrx_word' id='word_1_72' title='bbox 1008 1631 1046 1690; x_wconf 87' lang='lat' dir='ltr'>ad</span> <span class='ocrx_word' id='word_1_73' title='bbox 1067 1629 1243 1708; x_wconf 86' lang='lat' dir='ltr'>analogiam</span> <span class='ocrx_word' id='word_1_74' title='bbox 1258 1628 1366 1706; x_wconf 83' lang='lat' dir='ltr'>quam-</span> 
     </span>
     <span class='ocr_line' id='line_1_11' title="bbox 329 1735 1367 1814; baseline 0 -19"><span class='ocrx_word' id='word_1_75' title='bbox 329 1737 493 1796; x_wconf 88' lang='lat' dir='ltr'>damhaud</span> <span class='ocrx_word' id='word_1_76' title='bbox 518 1740 565 1796; x_wconf 90' lang='lat' dir='ltr'>est</span> <span class='ocrx_word' id='word_1_77' title='bbox 584 1735 832 1814; x_wconf 41' lang='lat' dir='ltr'>negligendum?</span> <span class='ocrx_word' id='word_1_78' title='bbox 858 1760 873 1792; x_wconf 83' lang='lat'>›&gt;</span> <span class='ocrx_word' id='word_1_79' title='bbox 896 1737 959 1796; x_wconf 91' lang='lat' dir='ltr'>Nisi</span> <span class='ocrx_word' id='word_1_80' title='bbox 982 1737 1125 1797; x_wconf 88' lang='lat' dir='ltr'>Michelet</span> <span class='ocrx_word' id='word_1_81' title='bbox 1147 1741 1177 1796; x_wconf 92' lang='lat' dir='ltr'>et</span> <span class='ocrx_word' id='word_1_82' title='bbox 1199 1739 1367 1796; x_wconf 89' lang='lat' dir='ltr'>Ramsauer</span> 
     </span>
     <span class='ocr_line' id='line_1_12' title="bbox 329 1842 1365 1921; baseline 0 -19"><span class='ocrx_word' id='word_1_83' title='bbox 329 1862 428 1903; x_wconf 91' lang='lat' dir='ltr'>errore</span> <span class='ocrx_word' id='word_1_84' title='bbox 446 1844 669 1920; x_wconf 86' lang='lat' dir='ltr'>deciperentur,</span> <span class='ocrx_word' id='word_1_85' title='bbox 688 1842 867 1903; x_wconf 75' lang='lat' dir='ltr'>Aristoteles</span> <span class='ocrx_word' id='word_1_86' title='bbox 884 1843 985 1921; x_wconf 89' lang='lat' dir='ltr'>Iegem</span> <span class='ocrx_word' id='word_1_87' title='bbox 1009 1843 1134 1903; x_wconf 89' lang='lat' dir='ltr'>talionis</span> <span class='ocrx_word' id='word_1_88' title='bbox 1156 1844 1274 1918; x_wconf 85' lang='lat' dir='ltr'>justam</span> <span class='ocrx_word' id='word_1_89' title='bbox 1298 1861 1365 1902; x_wconf 90' lang='lat' dir='ltr'>esse</span> 
     </span>
     <span class='ocr_line' id='line_1_13' title="bbox 330 1951 525 2010; baseline -0.005 0"><span class='ocrx_word' id='word_1_90' title='bbox 330 1951 525 2010; x_wconf 83' lang='lat' dir='ltr'>cxIstimavit.</span> 
     </span>
    </p>

    <p class='ocr_par' dir='ltr' id='par_1_3' title="bbox 326 2055 1366 3418">
     <span class='ocr_line' id='line_1_14' title="bbox 370 2055 1364 2133; baseline -0.003 -16"><span class='ocrx_word' id='word_1_91' title='bbox 370 2059 475 2117; x_wconf 85' lang='lat' dir='ltr'>Errore</span> <span class='ocrx_word' id='word_1_92' title='bbox 488 2076 559 2116; x_wconf 86' lang='lat' dir='ltr'>vero</span> <span class='ocrx_word' id='word_1_93' title='bbox 581 2056 792 2132; x_wconf 91' lang='lat' dir='ltr'>decipiuntur:</span> <span class='ocrx_word' id='word_1_94' title='bbox 812 2057 991 2117; x_wconf 79' lang='lat' dir='ltr'>Aristoteles</span> <span class='ocrx_word' id='word_1_95' title='bbox 1012 2057 1094 2116; x_wconf 89' lang='lat' dir='ltr'>enim</span> <span class='ocrx_word' id='word_1_96' title='bbox 1115 2057 1248 2116; x_wconf 87' lang='lat' dir='ltr'>ostendit</span> <span class='ocrx_word' id='word_1_97' title='bbox 1265 2055 1364 2133; x_wconf 90' lang='lat' dir='ltr'>legem</span> 
     </span>
     <span class='ocr_line' id='line_1_15' title="bbox 328 2163 1365 2239; baseline -0.001 -17"><span class='ocrx_word' id='word_1_98' title='bbox 328 2164 464 2237; x_wconf 81' lang='lat' dir='ltr'>talionis,</span> <span class='ocrx_word' id='word_1_99' title='bbox 481 2164 552 2239; x_wconf 83' lang='lat' dir='ltr'>quia</span> <span class='ocrx_word' id='word_1_100' title='bbox 580 2182 678 2239; x_wconf 84' lang='lat' dir='ltr'>neque</span> <span class='ocrx_word' id='word_1_101' title='bbox 696 2163 760 2239; x_wconf 85' lang='lat' dir='ltr'>juri</span> <span class='ocrx_word' id='word_1_102' title='bbox 784 2164 979 2224; x_wconf 85' lang='lat' dir='ltr'>distributivo</span> <span class='ocrx_word' id='word_1_103' title='bbox 998 2182 1098 2239; x_wconf 79' lang='lat' dir='ltr'>neque</span> <span class='ocrx_word' id='word_1_104' title='bbox 1111 2163 1175 2237; x_wconf 88' lang='lat' dir='ltr'>juri</span> <span class='ocrx_word' id='word_1_105' title='bbox 1197 2163 1365 2222; x_wconf 84' lang='lat' dir='ltr'>correctivo</span> 
     </span>
     <span class='ocr_line' id='line_1_16' title="bbox 329 2270 1365 2347; baseline -0.002 -18"><span class='ocrx_word' id='word_1_106' title='bbox 329 2270 482 2347; x_wconf 77' lang='lat' dir='ltr'>congruIt,</span> <span class='ocrx_word' id='word_1_107' title='bbox 508 2271 654 2345; x_wconf 86' lang='lat' dir='ltr'>injustam</span> <span class='ocrx_word' id='word_1_108' title='bbox 671 2272 766 2330; x_wconf 69' lang='lat' dir='ltr'>essu.</span> <span class='ocrx_word' id='word_1_109' title='bbox 785 2272 902 2347; x_wconf 85' lang='lat' dir='ltr'>lujuste</span> <span class='ocrx_word' id='word_1_110' title='bbox 925 2272 1018 2343; x_wconf 84' lang='lat' dir='ltr'>enim,</span> <span class='ocrx_word' id='word_1_111' title='bbox 1045 2271 1071 2329; x_wconf 92' lang='lat' dir='ltr'>si</span> <span class='ocrx_word' id='word_1_112' title='bbox 1093 2270 1161 2346; x_wconf 86' lang='lat' dir='ltr'>quis</span> <span class='ocrx_word' id='word_1_113' title='bbox 1187 2271 1365 2346; x_wconf 88' lang='lat' dir='ltr'>imprudens</span> 
     </span>
     <span class='ocr_line' id='line_1_17' title="bbox 328 2356 1366 2453; baseline 0.001 -20"><span class='ocrx_word' id='word_1_114' title='bbox 328 2378 427 2435; x_wconf 83' lang='lat' dir='ltr'>virum</span> <span class='ocrx_word' id='word_1_115' title='bbox 442 2378 606 2452; x_wconf 86' lang='lat' dir='ltr'>quemdam</span> <span class='ocrx_word' id='word_1_116' title='bbox 621 2378 793 2450; x_wconf 87' lang='lat' dir='ltr'>occidisset,</span> <span class='ocrx_word' id='word_1_117' title='bbox 804 2379 900 2437; x_wconf 87' lang='lat' dir='ltr'>vitam</span> <span class='ocrx_word' id='word_1_118' title='bbox 916 2377 1122 2436; x_wconf 79' lang='lat' dir='ltr'>interfectoris</span> <span class='ocrx_word' id='word_1_119' title='bbox 1136 2395 1190 2453; x_wconf 91' lang='lat' dir='ltr'>pro</span> <span class='ocrx_word' id='word_1_120' title='bbox 1200 2356 1262 2435; x_wconf 86' lang='lat' dir='ltr'>vita</span> <span class='ocrx_word' id='word_1_121' title='bbox 1274 2376 1366 2434; x_wconf 89' lang='lat' dir='ltr'>inter-</span> 
     </span>
     <span class='ocr_line' id='line_1_18' title="bbox 328 2482 1362 2561; baseline 0 -19"><span class='ocrx_word' id='word_1_122' title='bbox 328 2484 399 2544; x_wconf 88' lang='lat' dir='ltr'>fecti</span> <span class='ocrx_word' id='word_1_123' title='bbox 415 2484 557 2559; x_wconf 87' lang='lat' dir='ltr'>eriperes.</span> <span class='ocrx_word' id='word_1_124' title='bbox 585 2484 714 2559; x_wconf 86' lang='lat' dir='ltr'>Injuste,</span> <span class='ocrx_word' id='word_1_125' title='bbox 732 2485 757 2543; x_wconf 91' lang='lat' dir='ltr'>si</span> <span class='ocrx_word' id='word_1_126' title='bbox 777 2483 845 2560; x_wconf 81' lang='lat' dir='ltr'>quIs</span> <span class='ocrx_word' id='word_1_127' title='bbox 860 2484 1061 2561; x_wconf 87' lang='lat' dir='ltr'>magistratus</span> <span class='ocrx_word' id='word_1_128' title='bbox 1082 2487 1112 2543; x_wconf 89' lang='lat' dir='ltr'>te</span> <span class='ocrx_word' id='word_1_129' title='bbox 1128 2482 1362 2555; x_wconf 87' lang='lat' dir='ltr'>verberavisset,</span> 
     </span>
     <span class='ocr_line' id='line_1_19' title="bbox 327 2589 1364 2667; baseline -0.002 -18"><span class='ocrx_word' id='word_1_130' title='bbox 327 2590 412 2650; x_wconf 92' lang='lat' dir='ltr'>illum</span> <span class='ocrx_word' id='word_1_131' title='bbox 427 2591 577 2650; x_wconf 77' lang='lat' dir='ltr'>referires.</span> <span class='ocrx_word' id='word_1_132' title='bbox 596 2591 660 2650; x_wconf 90' lang='lat' dir='ltr'>Hoc</span> <span class='ocrx_word' id='word_1_133' title='bbox 676 2590 751 2650; x_wconf 90' lang='lat' dir='ltr'>satis</span> <span class='ocrx_word' id='word_1_134' title='bbox 770 2595 865 2651; x_wconf 92' lang='lat' dir='ltr'>estut</span> <span class='ocrx_word' id='word_1_135' title='bbox 880 2591 932 2667; x_wconf 88' lang='lat' dir='ltr'>jus</span> <span class='ocrx_word' id='word_1_136' title='bbox 949 2590 1074 2650; x_wconf 89' lang='lat' dir='ltr'>talionis</span> <span class='ocrx_word' id='word_1_137' title='bbox 1084 2590 1148 2665; x_wconf 88' lang='lat' dir='ltr'>juri</span> <span class='ocrx_word' id='word_1_138' title='bbox 1169 2589 1364 2650; x_wconf 84' lang='lat' dir='ltr'>dIstributivo</span> 
     </span>
     <span class='ocr_line' id='line_1_20' title="bbox 327 2696 1365 2775; baseline -0.001 -20"><span class='ocrx_word' id='word_1_139' title='bbox 327 2715 497 2775; x_wconf 90' lang='lat' dir='ltr'>repugnare</span> <span class='ocrx_word' id='word_1_140' title='bbox 510 2698 660 2756; x_wconf 89' lang='lat' dir='ltr'>videatur.</span> <span class='ocrx_word' id='word_1_141' title='bbox 672 2698 738 2769; x_wconf 81' lang='lat' dir='ltr'>Quo</span> <span class='ocrx_word' id='word_1_142' title='bbox 749 2716 833 2757; x_wconf 90' lang='lat' dir='ltr'>nunc</span> <span class='ocrx_word' id='word_1_143' title='bbox 842 2699 931 2757; x_wconf 94' lang='lat' dir='ltr'>modo</span> <span class='ocrx_word' id='word_1_144' title='bbox 943 2698 1006 2773; x_wconf 87' lang='lat' dir='ltr'>juri</span> <span class='ocrx_word' id='word_1_145' title='bbox 1017 2697 1183 2757; x_wconf 83' lang='lat' dir='ltr'>correctivo</span> <span class='ocrx_word' id='word_1_146' title='bbox 1194 2696 1365 2774; x_wconf 77' lang='lat' dir='ltr'>repugnat?</span> 
     </span>
     <span class='ocr_line' id='line_1_21' title="bbox 328 2803 1365 2880; baseline -0.001 -17"><span class='ocrx_word' id='word_1_147' title='bbox 328 2807 444 2876; x_wconf 88' lang='lat' dir='ltr'>Nonne,</span> <span class='ocrx_word' id='word_1_148' title='bbox 462 2807 495 2862; x_wconf 91' lang='lat' dir='ltr'>ut</span> <span class='ocrx_word' id='word_1_149' title='bbox 508 2804 559 2879; x_wconf 91' lang='lat' dir='ltr'>jus</span> <span class='ocrx_word' id='word_1_150' title='bbox 574 2803 698 2862; x_wconf 88' lang='lat' dir='ltr'>talionis</span> <span class='ocrx_word' id='word_1_151' title='bbox 712 2805 755 2863; x_wconf 87' lang='lat' dir='ltr'>ita</span> <span class='ocrx_word' id='word_1_152' title='bbox 771 2805 821 2880; x_wconf 89' lang='lat' dir='ltr'>jus</span> <span class='ocrx_word' id='word_1_153' title='bbox 838 2805 1040 2864; x_wconf 86' lang='lat' dir='ltr'>correctivum</span> <span class='ocrx_word' id='word_1_154' title='bbox 1053 2804 1143 2879; x_wconf 88' lang='lat' dir='ltr'>jubet</span> <span class='ocrx_word' id='word_1_155' title='bbox 1153 2804 1273 2880; x_wconf 87' lang='lat' dir='ltr'>judices</span> <span class='ocrx_word' id='word_1_156' title='bbox 1283 2804 1365 2863; x_wconf 90' lang='lat' dir='ltr'>idem</span> 
     </span>
     <span class='ocr_line' id='line_1_22' title="bbox 327 2909 1365 2987; baseline 0 -18"><span class='ocrx_word' id='word_1_157' title='bbox 327 2912 366 2969; x_wconf 91' lang='lat' dir='ltr'>ab</span> <span class='ocrx_word' id='word_1_158' title='bbox 382 2909 477 2970; x_wconf 86' lang='lat' dir='ltr'>altero</span> <span class='ocrx_word' id='word_1_159' title='bbox 488 2914 624 2985; x_wconf 88' lang='lat' dir='ltr'>repetere</span> <span class='ocrx_word' id='word_1_160' title='bbox 638 2911 718 2986; x_wconf 84' lang='lat' dir='ltr'>quod</span> <span class='ocrx_word' id='word_1_161' title='bbox 728 2911 817 2970; x_wconf 87' lang='lat' dir='ltr'>alteri</span> <span class='ocrx_word' id='word_1_162' title='bbox 832 2910 1000 2987; x_wconf 83' lang='lat' dir='ltr'>cripuerit?</span> <span class='ocrx_word' id='word_1_163' title='bbox 1015 2911 1074 2971; x_wconf 90' lang='lat' dir='ltr'>Sed</span> <span class='ocrx_word' id='word_1_164' title='bbox 1094 2912 1147 2986; x_wconf 89' lang='lat' dir='ltr'>jus</span> <span class='ocrx_word' id='word_1_165' title='bbox 1162 2910 1365 2971; x_wconf 87' lang='lat' dir='ltr'>correctivum</span> 
     </span>
     <span class='ocr_line' id='line_1_23' title="bbox 328 3016 1365 3098; baseline 0 -22"><span class='ocrx_word' id='word_1_166' title='bbox 328 3016 401 3098; x_wconf 85' lang='lat' dir='ltr'>(hoc</span> <span class='ocrx_word' id='word_1_167' title='bbox 424 3017 448 3076; x_wconf 96' lang='lat' dir='ltr'>si</span> <span class='ocrx_word' id='word_1_168' title='bbox 472 3021 553 3077; x_wconf 89' lang='lat' dir='ltr'>recte</span> <span class='ocrx_word' id='word_1_169' title='bbox 574 3016 842 3097; x_wconf 85' lang='lat' dir='ltr'>explicaverimns)</span> <span class='ocrx_word' id='word_1_170' title='bbox 865 3018 955 3094; x_wconf 86' lang='lat' dir='ltr'>jubet</span> <span class='ocrx_word' id='word_1_171' title='bbox 980 3018 1148 3094; x_wconf 78' lang='lat' dir='ltr'>prasertim</span> <span class='ocrx_word' id='word_1_172' title='bbox 1173 3022 1206 3076; x_wconf 89' lang='lat' dir='ltr'>ut</span> <span class='ocrx_word' id='word_1_173' title='bbox 1227 3017 1258 3077; x_wconf 93' lang='lat' dir='ltr'>id</span> <span class='ocrx_word' id='word_1_174' title='bbox 1284 3017 1365 3093; x_wconf 85' lang='lat' dir='ltr'>quod</span> 
     </span>
     <span class='ocr_line' id='line_1_24' title="bbox 327 3124 1365 3202; baseline 0.001 -19"><span class='ocrx_word' id='word_1_175' title='bbox 327 3126 447 3184; x_wconf 90' lang='lat' dir='ltr'>cuidam</span> <span class='ocrx_word' id='word_1_176' title='bbox 470 3128 608 3201; x_wconf 86' lang='lat' dir='ltr'>ereptum</span> <span class='ocrx_word' id='word_1_177' title='bbox 632 3125 671 3184; x_wconf 92' lang='lat' dir='ltr'>sit</span> <span class='ocrx_word' id='word_1_178' title='bbox 697 3126 724 3184; x_wconf 90' lang='lat' dir='ltr'>ei</span> <span class='ocrx_word' id='word_1_179' title='bbox 740 3126 894 3184; x_wconf 89' lang='lat' dir='ltr'>reddatur.</span> <span class='ocrx_word' id='word_1_180' title='bbox 913 3126 956 3184; x_wconf 82' lang='lat' dir='ltr'>Ad</span> <span class='ocrx_word' id='word_1_181' title='bbox 971 3143 1093 3202; x_wconf 84' lang='lat' dir='ltr'>poenam</span> <span class='ocrx_word' id='word_1_182' title='bbox 1105 3125 1157 3199; x_wconf 86' lang='lat' dir='ltr'>jus</span> <span class='ocrx_word' id='word_1_183' title='bbox 1175 3124 1309 3197; x_wconf 78' lang='lat' dir='ltr'>talionis,</span> <span class='ocrx_word' id='word_1_184' title='bbox 1327 3125 1365 3184; x_wconf 85' lang='lat' dir='ltr'>ad</span> 
     </span>
     <span class='ocr_line' id='line_1_25' title="bbox 326 3231 1365 3311; baseline -0.001 -21"><span class='ocrx_word' id='word_1_185' title='bbox 326 3234 473 3292; x_wconf 86' lang='lat' dir='ltr'>damnum</span> <span class='ocrx_word' id='word_1_186' title='bbox 487 3231 539 3311; x_wconf 86' lang='lat' dir='ltr'>jus</span> <span class='ocrx_word' id='word_1_187' title='bbox 566 3232 783 3301; x_wconf 75' lang='lat' dir='ltr'>correctivum3</span> <span class='ocrx_word' id='word_1_188' title='bbox 802 3231 877 3291; x_wconf 90' lang='lat' dir='ltr'>illud</span> <span class='ocrx_word' id='word_1_189' title='bbox 903 3233 941 3292; x_wconf 87' lang='lat' dir='ltr'>ad</span> <span class='ocrx_word' id='word_1_190' title='bbox 968 3250 1038 3292; x_wconf 90' lang='lat' dir='ltr'>eum</span> <span class='ocrx_word' id='word_1_191' title='bbox 1065 3231 1118 3307; x_wconf 91' lang='lat' dir='ltr'>qui</span> <span class='ocrx_word' id='word_1_192' title='bbox 1142 3231 1225 3305; x_wconf 88' lang='lat' dir='ltr'>secit,</span> <span class='ocrx_word' id='word_1_193' title='bbox 1247 3233 1305 3292; x_wconf 91' lang='lat' dir='ltr'>hoc</span> <span class='ocrx_word' id='word_1_194' title='bbox 1327 3231 1365 3291; x_wconf 89' lang='lat' dir='ltr'>ad</span> 
     </span>
     <span class='ocr_line' id='line_1_26' title="bbox 327 3316 1366 3418; baseline -0.001 -20"><span class='ocrx_word' id='word_1_195' title='bbox 327 3357 397 3398; x_wconf 91' lang='lat' dir='ltr'>eum</span> <span class='ocrx_word' id='word_1_196' title='bbox 414 3316 466 3414; x_wconf 87' lang='lat' dir='ltr'>qui</span> <span class='ocrx_word' id='word_1_197' title='bbox 483 3357 592 3414; x_wconf 89' lang='lat' dir='ltr'>passus</span> <span class='ocrx_word' id='word_1_198' title='bbox 607 3342 654 3398; x_wconf 92' lang='lat' dir='ltr'>est</span> <span class='ocrx_word' id='word_1_199' title='bbox 666 3338 813 3413; x_wconf 88' lang='lat' dir='ltr'>injuriam</span> <span class='ocrx_word' id='word_1_200' title='bbox 827 3339 974 3415; x_wconf 88' lang='lat' dir='ltr'>pertinet;</span> <span class='ocrx_word' id='word_1_201' title='bbox 992 3340 1124 3417; x_wconf 89' lang='lat' dir='ltr'>castigat</span> <span class='ocrx_word' id='word_1_202' title='bbox 1136 3338 1267 3398; x_wconf 86' lang='lat' dir='ltr'>alterum</span> <span class='ocrx_word' id='word_1_203' title='bbox 1283 3337 1366 3418; x_wconf 90' lang='lat' dir='ltr'>(per-</span> 
     </span>
    </p>
   </div>
   <div class='ocr_carea' id='block_1_3' title="bbox 328 3443 1362 3524">
    <p class='ocr_par' dir='ltr' id='par_1_4' title="bbox 328 3443 1362 3524">
     <span class='ocr_line' id='line_1_27' title="bbox 328 3443 1362 3524; baseline 0 -21"><span class='ocrx_word' id='word_1_204' title='bbox 328 3462 432 3520; x_wconf 92' lang='lat' dir='ltr'>peram</span> <span class='ocrx_word' id='word_1_205' title='bbox 449 3443 588 3524; x_wconf 85' lang='lat' dir='ltr'>quidem)</span> <span class='ocrx_word' id='word_1_206' title='bbox 607 3444 734 3518; x_wconf 87' lang='lat' dir='ltr'>scelera,</span> <span class='ocrx_word' id='word_1_207' title='bbox 759 3444 889 3505; x_wconf 91' lang='lat' dir='ltr'>alterum</span> <span class='ocrx_word' id='word_1_208' title='bbox 906 3447 1039 3506; x_wconf 85' lang='lat' dir='ltr'>adversae</span> <span class='ocrx_word' id='word_1_209' title='bbox 1055 3448 1183 3506; x_wconf 82' lang='lat' dir='ltr'>tortunae</span> <span class='ocrx_word' id='word_1_210' title='bbox 1202 3445 1362 3506; x_wconf 80' lang='lat' dir='ltr'>succurrit.</span> 
     </span>
    </p>
   </div>
   <div class='ocr_carea' id='block_1_4' title="bbox 311 3753 1399 4063">
    <p class='ocr_par' dir='ltr' id='par_1_5' title="bbox 311 3753 1399 3900">
     <span class='ocr_line' id='line_1_28' title="bbox 359 3753 979 3821; baseline 0.002 -16"><span class='ocrx_word' id='word_1_211' title='bbox 359 3756 381 3806; x_wconf 83' lang='lat' dir='ltr'>I.</span> <span class='ocrx_word' id='word_1_212' title='bbox 399 3754 460 3805; x_wconf 76' lang='lat' dir='ltr'>utu.</span> <span class='ocrx_word' id='word_1_213' title='bbox 476 3753 542 3818; x_wconf 81' lang='lat' dir='ltr'>Nic,</span> <span class='ocrx_word' id='word_1_214' title='bbox 554 3756 596 3805; x_wconf 85' lang='lat' dir='ltr'>ed.</span> <span class='ocrx_word' id='word_1_215' title='bbox 612 3754 746 3818; x_wconf 87' lang='lat' dir='ltr'>Michelet,</span> <span class='ocrx_word' id='word_1_216' title='bbox 764 3757 818 3806; x_wconf 87' lang='lat' dir='ltr'>voI.</span> <span class='ocrx_word' id='word_1_217' title='bbox 835 3756 869 3817; x_wconf 88' lang='lat' dir='ltr'>ll,</span> <span class='ocrx_word' id='word_1_218' title='bbox 884 3771 911 3821; x_wconf 93' lang='lat' dir='ltr'>p.</span> <span class='ocrx_word' id='word_1_219' title='bbox 926 3759 979 3806; x_wconf 80' lang='lat' dir='ltr'>in.</span> 
     </span>
     <span class='ocr_line' id='line_1_29' title="bbox 311 3835 1399 3900; baseline 0 -16"><span class='ocrx_word' id='word_1_220' title='bbox 311 3854 315 3860; x_wconf 92' lang='lat'>·</span> <span class='ocrx_word' id='word_1_221' title='bbox 358 3839 381 3884; x_wconf 85' lang='lat'>2.</span> <span class='ocrx_word' id='word_1_222' title='bbox 398 3835 459 3885; x_wconf 73' lang='grc'><strong>1111.</strong></span> <span class='ocrx_word' id='word_1_223' title='bbox 472 3837 537 3899; x_wconf 79' lang='lat' dir='ltr'>Nic,</span> <span class='ocrx_word' id='word_1_224' title='bbox 554 3836 595 3885; x_wconf 87' lang='lat' dir='ltr'>ed.</span> <span class='ocrx_word' id='word_1_225' title='bbox 609 3837 765 3899; x_wconf 85' lang='lat' dir='ltr'>Ramsauer‚</span> <span class='ocrx_word' id='word_1_226' title='bbox 779 3851 807 3900; x_wconf 92' lang='lat' dir='ltr'>p.</span> <span class='ocrx_word' id='word_1_227' title='bbox 820 3838 874 3886; x_wconf 81' lang='lat'>315.</span> <span class='ocrx_word' id='word_1_228' title='bbox 1397 3878 1399 3884; x_wconf 84' lang='lat'>.</span> 
     </span>
    </p>

    <p class='ocr_par' dir='ltr' id='par_1_6' title="bbox 326 3916 1363 4063">
     <span class='ocr_line' id='line_1_30' title="bbox 358 3916 1363 3983; baseline 0.005 -18"><span class='ocrx_word' id='word_1_229' title='bbox 358 3918 380 3965; x_wconf 88' lang='grc'>3.</span> <span class='ocrx_word' id='word_1_230' title='bbox 399 3916 437 3966; x_wconf 80' lang='lat' dir='ltr'>CI.</span> <span class='ocrx_word' id='word_1_231' title='bbox 448 3917 541 3967; x_wconf 85' lang='lat' dir='ltr'>Thom.</span> <span class='ocrx_word' id='word_1_232' title='bbox 557 3917 625 3980; x_wconf 80' lang='lat' dir='ltr'>Aqu.</span> <span class='ocrx_word' id='word_1_233' title='bbox 644 3917 715 3980; x_wconf 74' lang='lat' dir='ltr'>(att.</span> <span class='ocrx_word' id='word_1_234' title='bbox 732 3919 761 3969; x_wconf 88' lang='lat' dir='ltr'>V.</span> <span class='ocrx_word' id='word_1_235' title='bbox 776 3918 804 3967; x_wconf 85' lang='lat' dir='ltr'>L.</span> <span class='ocrx_word' id='word_1_236' title='bbox 821 3917 902 3982; x_wconf 86' lang='lat' dir='ltr'>VIII),</span> <span class='ocrx_word' id='word_1_237' title='bbox 924 3917 1179 3983; x_wconf 82' lang='lat' dir='ltr'>Barthelemy-Saint</span> <span class='ocrx_word' id='word_1_238' title='bbox 1198 3918 1297 3971; x_wconf 84' lang='lat' dir='ltr'>Hilaire</span> <span class='ocrx_word' id='word_1_239' title='bbox 1315 3919 1363 3981; x_wconf 84' lang='lat' dir='ltr'>(Lu</span> 
     </span>
     <span class='ocr_line' id='line_1_31' title="bbox 326 3996 1196 4063; baseline 0.002 -17"><span class='ocrx_word' id='word_1_240' title='bbox 326 3996 425 4046; x_wconf 76' lang='lat' dir='ltr'>Monate</span> <span class='ocrx_word' id='word_1_241' title='bbox 440 3996 586 4055; x_wconf 79' lang='lat' dir='ltr'>d’Aristote,</span> <span class='ocrx_word' id='word_1_242' title='bbox 603 3997 660 4047; x_wconf 84' lang='lat' dir='ltr'>rol.</span> <span class='ocrx_word' id='word_1_243' title='bbox 675 3998 708 4061; x_wconf 90' lang='lat' dir='ltr'>II,</span> <span class='ocrx_word' id='word_1_244' title='bbox 721 4012 749 4061; x_wconf 89' lang='lat' dir='ltr'>p.</span> <span class='ocrx_word' id='word_1_245' title='bbox 766 3998 819 4057; x_wconf 77' lang='lat'>152]</span> <span class='ocrx_word' id='word_1_246' title='bbox 831 3999 858 4047; x_wconf 86' lang='lat' dir='ltr'>et</span> <span class='ocrx_word' id='word_1_247' title='bbox 870 3997 1014 4062; x_wconf 83' lang='lat' dir='ltr'>plerosque</span> <span class='ocrx_word' id='word_1_248' title='bbox 1026 3999 1196 4063; x_wconf 84' lang='lat' dir='ltr'>interpretes.</span> 
     </span>
    </p>
   </div>
   <div class='ocr_carea' id='block_1_5' title="bbox 0 0 1604 5058">
    <p class='ocr_par' dir='ltr' id='par_1_7' title="bbox 0 0 1604 5058">
     <span class='ocr_line' id='line_1_32' title="bbox 0 0 1604 5058; baseline 0 2"><span class='ocrx_word' id='word_1_249' title='bbox 0 0 1604 5058; x_wconf 95' lang='lat' dir='ltr'> </span> 
     </span>
    </p>
   </div>
  </div>
 </body>
</html>
