3200 5058
312 590 351 654 28
591 615 626 658 or
646 614 766 659 Jusrmr
786 613 859 657 aruo
880 611 1068 655 uusromnuu

313 755 420 798 omnes
441 740 513 811 lere,
535 756 606 800 cum
623 741 659 800 de
675 740 774 816 poenis
797 741 879 817 apud
903 736 1099 800 Aristotelem
1122 737 1345 808 disseruerunt,

313 844 473 905 erravisse.
502 845 583 906 Nihil
608 846 691 907 aliud
716 847 799 906 enim
825 847 876 922 jus
901 845 1104 906 correctivum
1127 844 1217 918 Jubet
1230 843 1290 903 nisi
1313 847 1348 903 ut

314 950 417 1013 omnia
426 969 492 1027 quae
508 952 585 1013 alter
595 953 699 1013 amisit
712 954 739 1013 ei
752 954 965 1025 restituantur,
976 955 1068 1027 atque
1082 950 1185 1010 omnia
1196 968 1261 1026 qua
1271 949 1348 1009 altar

314 1057 415 1132 rapuit
435 1058 474 1118 ab
500 1076 537 1119 eo
553 1063 751 1135 repetantur:
775 1077 865 1137 poena
882 1059 986 1137 igitur,
1013 1058 1039 1118 si
1057 1076 1075 1118 a
1094 1058 1163 1133 jure
1179 1056 1346 1117 correctivo

314 1164 456 1239 pendeat,
471 1183 571 1241 neque
585 1184 696 1243 corpus
712 1165 847 1226 sontium
865 1165 960 1226 allicit
978 1183 1078 1242 neque
1089 1164 1195 1224 eoium
1209 1163 1347 1223 animum

314 1271 458 1330 emendat
472 1271 526 1331 sed
538 1273 650 1332 damna
664 1273 703 1332 ab
718 1273 756 1333 iis
769 1271 855 1333 illata
869 1272 1008 1332 resarcit.
1026 1271 1234 1344 Quamobrem
1250 1268 1347 1329 Zeller

313 1376 508 1437 Aristotelem
531 1379 727 1455 reprehendit
751 1380 833 1455 quod
859 1396 982 1455 poenam
1001 1396 1018 1437 a
1034 1378 1147 1437 damno
1167 1395 1230 1436 non
1246 1394 1345 1436 secre-

314 1483 422 1542 verit¹.
454 1484 491 1543 Et
519 1485 688 1545 Thonissen
718 1485 857 1561 scripsit:
881 1509 896 1540 o
927 1485 1021 1545 Pmua
1049 1485 1131 1559 apud
1154 1482 1347 1543 Aristotelem

314 1589 520 1665 aequalitatem
544 1591 732 1652 facinoribus
748 1592 905 1653 turbatam
920 1590 1020 1651 solum
1034 1590 1180 1651 restituit.
1200 1613 1215 1645 a
1234 1589 1348 1649 Aristo-

314 1695 367 1755 teli
384 1696 506 1770 injustae
523 1715 591 1758 esse
611 1715 707 1774 poenae
728 1699 903 1758 viderentur
914 1699 976 1758 nisi
992 1697 1082 1757 bonis
1097 1697 1216 1757 civibus
1231 1696 1347 1756 utilita-

314 1805 378 1861 tem
398 1804 577 1879 preberent.
592 1805 770 1865 Aristoteles
781 1806 863 1881 apud
878 1806 998 1866 Graecos
1009 1805 1149 1864 eamdem
1164 1803 1348 1864 sententiam

316 1908 409 1969 edidit
426 1929 518 1987 quam
531 1912 613 1988 apud
638 1912 825 1972 recentiores
850 1912 966 1990 Anglos
993 1911 1174 1971 Bentnamt.

356 2017 410 2078 His
428 2019 529 2078 verbis
546 2018 723 2095 opinionem
741 2019 914 2081 Aristotelis
940 2022 1023 2080 recte
1040 2018 1245 2079 demonstrari
1258 2036 1348 2078 nemo

312 2122 465 2204 judicabit
478 2125 537 2185 nisi
557 2126 707 2186 festinans
726 2124 842 2186 Etbica
865 2123 1077 2186 Nicomachea
1091 2125 1211 2202 legerit.
1228 2123 1349 2186 Etenim

314 2412 565 2477 interpretationem
578 2415 760 2466 Hildenbrand
779 2416 867 2480 rejicit
881 2417 917 2480 (p.
934 2418 989 2477 299)
1008 2431 1014 2463 :
1033 2415 1219 2466 «Aristoteles
1236 2414 1351 2480 grundet

315 2493 391 2543 nicht
405 2494 478 2544 aeine
493 2496 605 2546 Theorie
620 2510 673 2546 von
694 2496 742 2547 der
763 2496 850 2547 Strato
872 2496 919 2547 aul
935 2497 978 2546 die
1000 2495 1183 2546 vertbeilende
1198 2495 1351 2559 1111111111-
1386 2516 1388 2520 ⁴

315 2573 400 2624 keit...
416 2592 430 2620 »
446 2574 608 2626 sedaddit:«
623 2578 673 2626 Der
688 2576 787 2642 Begriff
793 2577 841 2625 der
849 2576 936 2627 Strata
951 2576 1008 2626 tritt
1016 2576 1059 2626 bei
1067 2575 1115 2625 der
1125 2575 1351 2638 ausgleicbendcn

316 2655 515 2720 Gerecbtiglreit
528 2656 657 2721 nirgends
679 2657 798 2707 deutlich
820 2657 928 2708 hervor.
944 2675 958 2704 »
981 2659 1074 2720 ltaque
1089 2657 1235 2720 querimus
1250 2656 1352 2706 1111111-

314 2735 454 2785 denbrand
468 2737 515 2785 ubi
530 2737 685 2787 Aristoteles
706 2739 739 2787 dc
755 2737 843 2801 poenis
856 2737 954 2802 egerit:
971 2737 1035 2800 quid
1050 2737 1094 2786 1111
1111 2737 1273 2802 respoudeat
1289 2750 1352 2786 mox

316 2814 476 2865 videbimus.

346 2898 368 2943 1.
387 2896 434 2959 Op.
452 2897 507 2957 cit,
527 2899 551 2946 2·
565 2897 623 2959 Tb,
642 2897 773 2957 11111,
799 2899 823 2946 3ο
836 2898 915 2958 Auli,
937 2912 963 2962 p.
980 2900 1025 2948 613
1042 2912 1086 2947 1.;
1111 2915 1125 2945 «
1179 2913 1207 2948 es
1226 2898 1291 2948 aber
1310 2898 1352 2947 eiu

314 2977 556 3027 unverkannbarer
568 2977 672 3042 Mangel
685 2977 732 3036 ist,
746 2977 808 3026 dass
824 2978 982 3027 Aristoteles
993 2977 1126 3028 zwiscben
1143 2978 1352 3028 Schadenarsatz

314 3059 369 3107 und
386 3057 472 3108 Strata
487 3058 563 3107 nicbt
586 3058 798 3120 unterscbcidet,
820 3058 876 3107 und
899 3057 942 3107 die
965 3059 1059 3120 Strale,
1078 3072 1130 3108 von
1148 3059 1195 3108 der
1209 3071 1261 3108 uns
1275 3059 1353 3108 aller-

314 3138 391 3202 11131
405 3139 474 3189 auch
487 3138 557 3189 noch
572 3139 762 3203 anderweitige
775 3138 888 3188 Zweckc
901 3138 1081 3188 vorkommen
1096 3138 1215 3201 werden,
1231 3139 1289 3188 hier
1301 3152 1353 3188 our

314 3219 354 3267 als
375 3219 454 3269 einen
483 3218 534 3269 den
556 3219 806 3283 unrechtmt'rssigen
828 3219 941 3269 Gewinn
962 3219 1010 3268 des
1029 3219 1209 3269 Verbrechers
1236 3219 1353 3281 ausglei-

315 3298 437 3349 chandeu
453 3299 561 3351 Verlust
574 3300 730 3350 behandelt.
743 3318 757 3347 »

347 3382 370 3428 2.
388 3381 420 3449 Le
436 3379 506 3429 droit
521 3380 604 3443 ptool
615 3380 682 3429 dona
696 3379 724 3430 11
741 3378 899 3444 lle'publtque
914 3378 1077 3442 ottonianae,
1096 3394 1123 3444 p.
1137 3383 1200 3430 aaa:
1216 3379 1353 3444 Lepcim,

242 3465 247 3476 ·
314 3478 328 3505 a
344 3459 500 3510 consideree
516 3473 549 3508 en
564 3458 719 3520 elle-mtme,
735 3460 803 3508 n'est
817 3459 833 3508 d
845 3473 886 3508 scs
902 3474 973 3522 yeux
988 3474 1039 3523 que
1057 3460 1081 3510 le
1093 3461 1354 3511 retablissemantdc

316 3540 429 3604 l’egalite
442 3539 557 3588 detruite
572 3553 621 3602 par
634 3539 658 3588 le
673 3538 746 3588 delit.
763 3556 777 3584 »
791 3538 857 3588 ibid.
872 3555 877 3586 :
894 3557 907 3585 «
924 3540 1105 3590 N'admettant
1119 3554 1168 3605 pas
1184 3541 1207 3590 le
1222 3542 1304 3606 regne
1321 3541 1354 3590 de

315 3621 341 3670 la
359 3619 533 3679 Providenoe,
548 3619 566 3667 il
582 3617 1016 3670 11111111111111111111111111
1031 3620 1171 3684 legitimite
1185 3621 1219 3670 du
1237 3620 1306 3671 droit
1321 3621 1355 3670 de

315 3701 395 3765 punir
406 3700 472 3748 dans
488 3699 527 3748 les
541 3702 686 3763 avantages
701 3699 838 3749 mattriels
850 3713 901 3762 que
915 3700 1053 3749 l'excrcice
1068 3700 1099 3750 de
1113 3715 1143 3750 11
1158 3701 1230 3752 droit
1240 3714 1356 3765 procure

316 3795 368 3830 aux
387 3780 508 3844 citoyens
531 3780 672 3829 bonnttes.
691 3796 705 3826 1
722 3779 760 3829 Cf.
784 3794 810 3843 p.
835 3781 899 3828 457:
923 3780 1354 3831 111111111111111111111111111

316 3869 459 3919 d'llristote
483 3870 694 3919 111111111111
716 3883 755 3918 un
779 3868 904 3933 puissant
927 3869 1024 3934 adepte
1051 3872 1077 3920 et
1100 3883 1138 3920 uu
1159 3870 1356 3935 vulgarisateur
1452 3876 1457 3881 '

314 3951 420 4002 illustre
430 3950 498 4001 daus
513 3949 628 4001 teremie
644 3949 785 4001 Beutbam.
801 3966 814 3997 »
