3200 5058
613 643 648 684 or
669 642 805 686 oarncrrro
826 644 900 688 sonis
1238 631 1272 690 15

235 770 371 847 exempli*
395 770 505 848 gratia,
532 772 696 845 postquam
717 769 803 844 ‘apud
828 768 1025 829 Aristotelem
1051 771 1128 849 legit
1156 795 1170 827 ιι
1195 792 1275 848 qna-

234 879 305 937 dam
334 879 405 953 jura
425 876 578 936 naturalia
598 894 661 935 non
684 893 751 935 esse
780 876 834 935 sed
862 877 1024 936 humana»
1048 876 1097 958 (τᾶ
1119 878 1158 957 μὴ
1176 883 1274 959 φυσικὰ

233 981 298 1043 ἀλλ’
319 980 470 1065 ἀνθρώπινα
489 984 612 1043 ttrite...
633 981 670 1062 ¹),
701 983 781 1041 hanc
807 982 1092 1059 interpretationem
1124 986 1270 1062 scripsit:

235 1114 250 1145 ιι
267 1091 324 1150 Hic
341 1091 406 1167 ipsc
423 1090 604 1150 Aristoteles
625 1089 762 1148 declarat
776 1089 849 1164 qnid
876 1089 950 1149 velit
967 1091 1098 1168 intelligi
1115 1111 1186 1151 cum
1200 1094 1274 1152 dicit

230 1197 282 1272 jus
299 1198 455 1270 divinum;
474 1216 545 1256 cum
576 1197 659 1256 enim
685 1197 821 1255 humana
841 1197 911 1272 jura
935 1196 995 1256 sint
1020 1216 1082 1256 non
1108 1200 1271 1272 naturalia,

232 1304 386 1363 naturalia
403 1303 542 1380 seqnitur
556 1307 591 1362 nt
605 1304 667 1362 sint
682 1303 795 1374 divina,
815 1304 937 1362 etiamsi
952 1304 991 1363 ab
1007 1305 1183 1366 hominibus
1199 1326 1273 1382 pos-

234 1411 295 1470 sint
324 1411 514 1486 pervcrti2.»
543 1412 581 1468 At
606 1409 659 1467 nbi
682 1409 862 1469 Aristoteles
883 1433 897 1465 <r
911 1410 963 1485 jus
979 1411 1118 1470 divinum
1138 1435 1152 1466 ν
1170 1414 1273 1475 dixit?

233 1517 391 1577 Naturalia
416 1517 563 1591 haecjnra
577 1520 746 1591 vocatque
771 1517 940 1576 secundum
964 1522 1117 1591 naturam,
1137 1521 1274 1582 humana

232 1622 284 1682 illa
299 1643 365 1699 quoe
385 1642 421 1683 ex
447 1623 572 1683 libidine
593 1623 753 1681 hominum
778 1624 1007 1697 instituuntur3
1033 1627 1086 1685 sed
1113 1629 1149 1686 de
1167 1627 1272 1688 divino

233 1732 364 1805 quodam
370 1730 439 1805 jure
448 1730 524 1789 nihil
534 1730 666 1805 scripsit.
681 1731 745 1789 lmo
756 1749 820 1806 qna
832 1732 868 1789 de
879 1731 970 1790 rebus
978 1732 1090 1792 divinis
1106 1736 1274 1810 apudrtris-

232 1836 358 1896 totelcm
375 1836 506 1915 legimus
528 1856 564 1896 ea
581 1856 637 1896 nos
658 1837 829 1913 impediunt
842 1838 916 1912 quin
935 1838 1078 1898 Miclrelct
1095 1858 1270 1916 sequamur.

232 1946 309 2003 Nam
323 1944 399 2003 nihil
415 1944 447 2003 in
461 1945 553 2003 rebus
567 1944 679 2003 divinis
696 1947 847 2016 mutatur;
862 1945 964 2004 omnia
980 1949 1092 2005 aeterna
1104 1951 1249 2007 manent3
1264 1967 1270 2008 :

232 2050 389 2110 naturalia
413 2055 517 2110 antem
539 2053 620 2127 jnra,
640 2052 698 2110 etsi
720 2050 899 2127 plerumque
925 2053 1089 2113 immutata
1114 2056 1271 2130 reperiun-

233 2160 292 2228 tur,
309 2161 422 2217 aterna
436 2157 495 2216 dici
512 2177 575 2216 non
597 2160 727 2233 possunt
744 2175 750 2216 :
776 2176 849 2234 ergo
864 2158 944 2217 inter
961 2159 1064 2218 divina
1080 2179 1142 2219 non
1161 2181 1271 2222 nnme-

233 2266 351 2322 rantur.

273 2369 445 2428 Hocidem
468 2370 527 2428 alio
559 2371 692 2445 quodam
718 2370 890 2429 Aristotelis
911 2369 992 2443 loco,
1021 2390 1112 2447 quem
1130 2374 1272 2435 Miclrelct

232 2473 355 2534 laudare
382 2476 544 2551 potuisset,
578 2476 868 2535 demonstrabimus.
900 2477 1028 2552 Scripsit
1056 2479 1138 2537 enim
1169 2482 1270 2556 philo-

233 2583 347 2656 sophus
370 2585 493 2641 noster:
518 2588 532 2641 'o
557 2579 603 2659 μὲν
618 2584 661 2641 οὖν
683 2578 728 2640 τὸν
745 2580 825 2660 νόμον
838 2584 952 2641 κελεύων
966 2582 1056 2664 ἄρχειν
1072 2584 1143 2644 δοκεῖ
1158 2586 1271 2647 κελεύειν

233 2686 276 2746 τὸν
315 2685 456 2747 aedi...⁴.
493 2690 602 2748 Nonne
640 2688 813 2765 intelligitis
849 2689 930 2747 idem
962 2691 1042 2766 apud
1075 2693 1271 2753 Aristotelem

235 2817 249 2848 «
276 2793 377 2871 legem
402 2818 416 2849 ν
452 2799 483 2854 et
512 2818 527 2850 ι(
554 2797 645 2854 deum
670 2819 684 2850 ν
718 2796 928 2873 significare?
955 2799 1062 2857 Nonne
1092 2800 1271 2861 Aristoteles

230 2898 332 2977 legem
347 2920 364 2960 a
380 2903 442 2961 Deo
456 2906 591 2961 creatam
609 2920 677 2962 esse
695 2902 843 2961 censuit?
860 2905 899 2961 At
917 2903 1075 2981 integrum
1089 2905 1190 2965 locum
1205 2906 1272 2967 lau-

231 3006 337 3065 demus
355 3025 364 3067 :
382 3014 396 3066 'o
413 3006 459 3087 μὲν
475 3009 519 3068 οὗν
532 3007 578 3067 τὸν
587 3007 666 3088 νόμον
684 3010 798 3068 κελεύων
815 3007 906 3089 ἄρχειν
928 3012 999 3069 δοκεῖ
1015 3013 1131 3070 κελεύειν
1150 3011 1197 3072 τὸν
1214 3012 1271 3074 θεὸν

230 3112 274 3172 καὶ
299 3112 345 3172 τὸν
362 3125 421 3175 νοῦν
436 3139 538 3194 μονους,
556 3114 585 3174 'o’
609 3116 624 3173 δ
630 3114 639 3134 ’
655 3115 794 3197 ἄνθρωπον
816 3115 928 3176 κελεύων
937 3124 1087 3196 προστίθησι
1108 3119 1152 3178 καὶ
1170 3120 1268 3202 θηρίον.

229 3221 328 3296 Atque
343 3223 423 3282 inira
436 3241 442 3283 ζ
455 3221 542 3304 διόπερ
555 3221 614 3283 ἄνευ
629 3221 736 3303 ὀρέξεως
754 3230 811 3291 νοῦς
827 3229 840 3282 ὀ
856 3221 933 3303 νόμος
954 3225 1049 3284 ,ἐστΐν
1069 3228 1157 3286 Nunc
1172 3228 1271 3287 cerni-

232 3430 375 3482 Aristotele
392 3435 493 3498 tengon
506 3434 592 3484 termo
606 3434 650 3484 nel
665 3437 788 3485 'concetto
807 3436 855 3485 ohe
869 3435 888 3483 il
904 3435 1004 3496 diritto,
1021 3436 1127 3487 almeno
1142 3438 1169 3487 in
1184 3442 1269 3502 parte,

232 3524 245 3558 e
261 3510 287 3559 di
300 3513 403 3575 origine
417 3513 515 3574 divina,
532 3530 545 3563 e
559 3515 607 3564 che
620 3516 639 3564 il
652 3515 744 3565 diritto
755 3530 843 3565 messo
858 3516 886 3564 in
897 3531 985 3566 essere
999 3517 1069 3566 dallo
1081 3519 1154 3568 Staio
1165 3533 1220 3568 non
1231 3521 1271 3569 sia

231 3589 280 3639 che
295 3606 331 3641 un
343 3593 448 3643 rissesso
458 3595 486 3643 di
499 3595 589 3657 quello
604 3596 704 3644 divino.
721 3613 734 3642 »

263 3672 679 3724 nomnednonmaa

262 3752 284 3798 2.
303 3751 363 3801 Etlr.
379 3754 444 3815 Nic„
459 3755 500 3803 ed.
513 3756 646 3816 Michelct‚
660 3755 714 3804 vol.
730 3756 762 3818 ll,
779 3771 805 3820 p.
821 3758 874 3806 183.

262 3831 285 3878 3.
306 3833 340 3880 De
360 3832 447 3882 Apim.
469 3849 557 3898 ρεπεν.
582 3836 609 3883 Β.
634 3839 656 3884 i.
682 3837 725 3885 '131
743 3837 760 3884 b
781 3839 829 3885 24:
899 3844 929 3888 τὰ
947 3845 988 3901 μὲν
1011 3839 1079 3888 ἀΐδιοι
1098 3845 1137 3887 κοιὶ
1155 3843 1206 3888 θεῖα
1225 3848 1270 3888 τῶν

233 3928 312 3959 θντωῖ.

263 3991 285 4038 4.
304 3992 360 4040 Pol.
373 4001 401 4043 Γ.
417 3996 453 4043 16.
472 3996 530 4044 128Ἴ
544 4009 559 4044 a
574 3997 613 4045 28.
