3200 5058
600 658 636 701 nu
657 654 792 701 rainnero
813 656 887 700 rums
1224 637 1260 699 13

222 787 303 863 quod
327 784 468 844 homines
487 783 623 860 quotidie
649 801 730 843 nova
763 781 912 842 scelerum
941 798 1055 859 genera
1083 781 1261 854 admittunt,

223 894 325 970 prisca
349 892 511 952 amittunt:
534 891 579 950 ita
600 894 635 950 ut
658 890 744 968 leges
775 890 913 966 quaedam
939 892 1120 949 senescant:
1145 890 1264 965 judices

224 1019 297 1078 ergo
315 999 458 1059 dubitant
473 997 609 1074 antiquis
627 1016 668 1057 an
680 997 856 1058 recentibus
868 995 990 1074 legibus
1001 1012 1106 1072 parere
1119 996 1263 1056 debeant.

155 1092 159 1100 ’
225 1107 362 1183 Denique
380 1106 514 1182 antiqua
529 1109 560 1164 et
575 1108 715 1165 recentes
728 1104 813 1181 leges
824 1104 905 1164 inter
920 1103 1009 1163 scita
1024 1103 1219 1183 discrepaut{
1231 1108 1267 1163 ut

221 1215 343 1291 judicos
366 1214 505 1291 aequitati
532 1213 750 1290 potiusquam
774 1212 895 1290 legibus
917 1212 1076 1298 indulgere
1103 1215 1263 1289 cogantur.

225 1322 304 1394 Quid
321 1326 426 1382 autem
448 1339 502 1398 per
522 1321 698 1397 aequitatem
718 1318 944 1396 intelligimus?
959 1318 1032 1395 quid
1056 1322 1104 1378 cst
1122 1317 1175 1393 jus
1190 1317 1265 1378 illud

225 1448 285 1506 quo
313 1429 388 1489 vitia
418 1429 522 1506 legum
558 1427 784 1487 emendantur?
809 1425 887 1485 lllud
914 1426 1054 1486 δίκαιον...
1091 1423 1266 1506 ἐπανόρθωμα

224 1537 339 1616 νομίμου
354 1534 455 1594 δικαίου
470 1535 518 1595 vel
544 1532 647 1614 βέλτιόν
662 1557 732 1600 τινος
755 1531 888 1606 orielem,
902 1533 954 1608 jus
969 1531 1045 1592 illud
1063 1531 1132 1607 jure
1151 1533 1266 1607 justius

226 1643 302 1702 nihil
315 1642 398 1702 alind
412 1646 459 1702 cst
473 1642 533 1701 nisi
546 1643 597 1718 jus
613 1640 765 1701 naturale.

226 1824 230 1838 Ι
265 1750 347 1810 luris
373 1748 522 1809 naturalis
537 1750 595 1808 hoc
626 1752 674 1808 cst
699 1747 824 1806 tertium
855 1746 991 1806 officium
1015 1745 1169 1820 justitiam
1199 1750 1264 1806 tum

226 1856 327 1916 dicere
340 1875 410 1916 cum
421 1855 506 1934 leges
518 1855 620 1915 silent.
637 1857 732 1932 Leges
748 1853 830 1913 enim
842 1854 923 1912 ultra
935 1854 1013 1914 fines
1029 1855 1178 1931 cujusque
1190 1854 1265 1913 civi-

226 1964 299 2023 tatis
311 1961 428 2022 nullam
440 1963 502 2021 vim
519 1961 635 2022 habent
647 1979 653 2021 :
667 1961 808 2021 homines
823 1963 928 2019 tamen
943 1978 1024 2019 nexu
1037 1961 1116 2035 juris
1132 1962 1265 2036 quodam

227 2071 459 2147 conjunguntur
475 2069 596 2129 etiarnsi
616 2067 700 2128 nulla
715 2069 755 2127 sit
769 2068 850 2127 inter
867 2085 920 2127 eos
940 2067 1038 2126 civilis
1053 2068 1185 2128 societas
1201 2065 1266 2147 (κᾶν

229 2175 343 2256 μηδεμία
361 2174 480 2236 κοινωνία
514 2173 579 2255 πρὸς
610 2176 744 2252 ἀλλήλους
770 2167 790 2254 ᾗ
816 2172 881 2254 μηδὲ
913 2172 1079 2254 συνθήκη)3.
1106 2173 1185 2245 Quid
1221 2178 1268 2236 est

229 2301 300 2361 crgo
327 2284 378 2359 jus
404 2282 490 2356 illud,
512 2283 656 2342 omnihus
672 2281 850 2341 civitatibus
866 2299 1030 2342 commune
1044 2279 1199 2361 (πανταχοῦ
1214 2281 1268 2358 τὴν

230 2388 315 2466 αὐτὴν
344 2388 406 2471 ἔμοι
434 2387 588 2468 δύναμιν,
602 2389 674 2448 ¹nisi
694 2388 745 2464 jus
767 2389 847 2465 quod
868 2383 1009 2448 naturale
1038 2393 1164 2448 vocatur
1181 2386 1268 2469 (λέγω

229 2495 256 2556 δὲ
270 2494 349 2574 νόμον
364 2494 409 2555 τὸν
424 2493 474 2575 μὲν
488 2494 552 2555 ’ίδιον
567 2493 612 2555 τὸν
626 2494 653 2555 δὲ
677 2492 812 2569 κοινόν...,
829 2493 917 2554 κοινὸν
940 2492 967 2553 δὲ
988 2493 1034 2554 τὸν
1050 2494 1120 2555 κατὰ
1135 2495 1268 2578 μόσιν)53

232 2601 328 2678 Cujus
357 2603 435 2679 juris
467 2603 613 2662 mandata
641 2603 794 2679 quaedam¹
814 2601 1013 2678 Empedocles
1046 2606 1077 2662 et
1103 2601 1269 2678 Sophocles

229 2711 295 2786 Jam
309 2709 481 2769 retulerunt
498 2727 504 2768 :
519 2727 593 2768 nam
607 2707 684 2769 alter
701 2712 844 2768 naturam
860 2713 964 2768 vetare
979 2727 1017 2768 ne
1031 2708 1175 2768 animalia
1187 2710 1269 2768 occi-

629 2816 642 2829 ι’

232 2817 351 2890 damus
371 2816 448 2877 alter
464 2819 608 2875 naturam
631 2817 741 2891 pubere
756 2819 791 2875 ut
805 2815 946 2875 homines
968 2815 1153 2892 sepeliamus
1169 2818 1268 2876 docet.

264 3048 287 3095 1.
304 3044 391 3106 litet„
407 3047 438 3096 A.
454 3047 493 3096 15.
510 3047 569 3095 1315
585 3045 602 3094 b
617 3046 631 3095 8
645 3059 704 3109 sqq.
718 3082 721 3089 ,

264 3127 362 3176 Meo
387 3127 452 3189 Nic,
476 3126 504 3176 E.
522 3126 666 3175 1411311)
683 3128 720 3187 12,
736 3127 775 3187 24,
799 3128 837 3175 26.
857 3126 893 3177 Cf.
908 3124 992 3189 Rhea,
1017 3126 1047 3176 A.
1065 3128 1273 3177 1313143251

233 3212 274 3257 τοῦ
293 3208 353 3257 ἰδίου
363 3212 434 3272 νόμον
455 3214 495 3257 καὶ
511 3212 674 3271 γεγραμμένου
688 3207 804 3271 ἔλλειμμα
822 3207 857 3270 (τὸ
877 3207 997 3271 ἐπιεικές),
1014 3234 1043 3243 -
1057 3215 1083 3258 τὸ
1099 3214 1164 3274 παρὰ
1179 3215 1218 3258 τὸν
1234 3229 1275 3272 γε·

234 3293 368 3352 μμαμμίνον
382 3293 451 3353 νόμον
463 3289 554 3338 δίκαιον
566 3286 631 3345 (ibid
643 3325 649 3349 ,
666 3287 715 3350 27).

267 3369 289 3416 3.
307 3366 383 3418 Rhet.
399 3369 430 3419 A.
447 3370 558 3418 131313
573 3368 590 3417 h
606 3370 628 3417 8.

269 3450 292 3496 4.
307 3446 368 3497 Ero,
382 3449 437 3496 Nic.
454 3449 483 3497 Ε.
500 3450 537 3499 lu.
552 3450 612 3497 1131
629 3447 646 3496 b
661 3449 698 3496 19.

267 3529 289 3576 5.
307 3527 382 3577 litet.
398 3529 429 3578 A.
444 3530 481 3578 13.
499 3528 590 3577 13731)
604 3530 690 3591 lsqq.
704 3527 742 3577 Cf.
757 3527 832 3590 ibid„
846 3529 883 3577 10.
894 3529 953 3577 1368
967 3530 985 3578 b
998 3532 1029 3590 73
1044 3531 1108 3580 Eth.
1122 3532 1179 3581 Nic.
1193 3530 1222 3581 Ε.
1235 3533 1274 3580 10.

236 3609 296 3656 1134
310 3608 328 3656 b
342 3609 370 3656 18
383 3624 389 3656 2
404 3616 445 3660 τοῦ
464 3610 487 3659 δὲ
508 3612 628 3659 πολιτικοῦ
643 3609 735 3659 δικαίου
749 3616 776 3658 τὸ
793 3615 835 3672 μὲν
856 3615 950 3673 φυσικόν
965 3611 1015 3660 ἐστι
1031 3619 1056 3662 τὸ
1076 3613 1100 3661 δὲ
1117 3618 1221 3677 νομικόν.
1238 3614 1275 3661 De

237 3688 366 3738 «civili»
388 3690 449 3751 jure
470 3689 513 3738 hie
537 3688 695 3739 Aristoteles
720 3689 783 3751 agit,
800 3688 847 3738 sed
868 3690 939 3738 idem
962 3691 995 3740 de
1012 3692 1086 3740 omni
1110 3694 1171 3755 Jure
1186 3693 1276 3741 dicere

236 3771 336 3831 posset.
354 3768 421 3817 Nam
439 3783 500 3818 oum
514 3784 520 3816 τ
534 3770 616 3820 ἄδικον
627 3776 668 3834 μὲν
679 3774 725 3834 γάρ
739 3771 801 3819 ἐστιν
815 3778 845 3833 τῇ
856 3773 922 3834 φύσει
934 3774 948 3827 ἦ
959 3777 1025 3834 τάξει
1040 3773 1180 3836 scripserit
1194 3771 1275 3835 (ibid,

237 3849 296 3896 1135
311 3861 327 3896 a
341 3850 389 3911 10),
404 3847 461 3898 haec
473 3863 528 3898 non
543 3850 632 3899 solum
647 3850 680 3899 ad
694 3853 813 3901 πολιτικὸν
824 3850 905 3900 ἄδικον
920 3850 967 3901 sed
979 3852 1012 3900 ad
1026 3864 1105 3901 omne
1120 3853 1203 3903 ἄδικα-ν
1213 3866 1276 3916 per-

236 3926 323 3975 tinere
338 3926 472 3977 videnlur.
492 3928 546 3978 Nec
561 3929 647 3978 solum
664 3930 697 3978 ad
719 3932 838 3980 πολιτικὸν
857 3931 945 3981 δίκαιον
970 3930 1017 3980 sed
1031 3931 1065 3981 ad
1081 3946 1160 3982 Omne
1184 3934 1274 3982 δίκαιον

236 4007 385 4070 respiciunt
398 4008 417 4057 ii
432 4008 485 4058 loci
497 4022 565 4073 quos
582 4023 615 4059 ex
627 4010 691 4059 Arte
708 4009 846 4060 Rhetorica
862 4025 944 4075 supra
959 4011 1185 4076 deprompsimus.
