<?xml version="1.0" encoding="UTF-8"?>
<!DOCTYPE html PUBLIC "-//W3C//DTD XHTML 1.0 Transitional//EN"
    "http://www.w3.org/TR/xhtml1/DTD/xhtml1-transitional.dtd">
<html xmlns="http://www.w3.org/1999/xhtml" xml:lang="en" lang="en">
 <head>
  <title>
</title>
<meta http-equiv="Content-Type" content="text/html;charset=utf-8" />
  <meta name='ocr-system' content='tesseract 3.04.00' />
  <meta name='ocr-capabilities' content='ocr_page ocr_carea ocr_par ocr_line ocrx_word'/>
</head>
<body>
  <div class='ocr_page' id='page_1' title='image "./dejustitiaapuda01lapigoog_0045.png"; bbox 0 0 3200 5058; ppageno 0'>
   <div class='ocr_carea' id='block_1_1' title="bbox 345 661 1102 726">
    <p class='ocr_par' dir='ltr' id='par_1_1' title="bbox 345 661 1102 726">
     <span class='ocr_line' id='line_1_1' title="bbox 345 661 1102 726; baseline -0.003 -2"><span class='ocrx_word' id='word_1_1' title='bbox 345 661 381 725; x_wconf 83' lang='grc'>16</span> <span class='ocrx_word' id='word_1_2' title='bbox 623 681 658 725; x_wconf 85' lang='lat' dir='ltr'><strong>nu</strong></span> <span class='ocrx_word' id='word_1_3' title='bbox 678 681 799 726; x_wconf 84' lang='lat' dir='ltr'><strong>Jusruu</strong></span> <span class='ocrx_word' id='word_1_4' title='bbox 820 681 893 725; x_wconf 70' lang='lat' dir='ltr'><strong>noun</strong></span> <span class='ocrx_word' id='word_1_5' title='bbox 914 681 1102 725; x_wconf 75' lang='lat' dir='ltr'><strong>uursrorucuu</strong></span> 
     </span>
    </p>
   </div>
   <div class='ocr_carea' id='block_1_2' title="bbox 341 807 1381 1425">
    <p class='ocr_par' dir='ltr' id='par_1_2' title="bbox 341 807 1381 1425">
     <span class='ocr_line' id='line_1_2' title="bbox 341 807 1381 869; baseline -0.003 -1"><span class='ocrx_word' id='word_1_6' title='bbox 341 827 410 868; x_wconf 87' lang='lat' dir='ltr'><strong>mus</strong></span> <span class='ocrx_word' id='word_1_7' title='bbox 441 827 496 868; x_wconf 86' lang='lat' dir='ltr'><strong>our</strong></span> <span class='ocrx_word' id='word_1_8' title='bbox 518 809 555 868; x_wconf 93' lang='lat' dir='ltr'><strong>de</strong></span> <span class='ocrx_word' id='word_1_9' title='bbox 577 810 634 868; x_wconf 90' lang='lat' dir='ltr'><strong>deo</strong></span> <span class='ocrx_word' id='word_1_10' title='bbox 655 808 834 869; x_wconf 81' lang='lat' dir='ltr'><strong>Aristoteles</strong></span> <span class='ocrx_word' id='word_1_11' title='bbox 858 808 980 869; x_wconf 91' lang='lat' dir='ltr'><strong>locutus</strong></span> <span class='ocrx_word' id='word_1_12' title='bbox 995 809 1060 868; x_wconf 88' lang='lat' dir='ltr'><strong>sit:</strong></span> <span class='ocrx_word' id='word_1_13' title='bbox 1087 825 1159 867; x_wconf 81' lang='lat' dir='ltr'><strong>narn</strong></span> <span class='ocrx_word' id='word_1_14' title='bbox 1188 807 1238 867; x_wconf 90' lang='lat' dir='ltr'><strong>hic</strong></span> <span class='ocrx_word' id='word_1_15' title='bbox 1256 808 1329 867; x_wconf 85' lang='lat' dir='ltr'><strong>dens</strong></span> <span class='ocrx_word' id='word_1_16' title='bbox 1348 807 1381 865; x_wconf 92' lang='lat' dir='ltr'><strong>in</strong></span> 
     </span>
     <span class='ocr_line' id='line_1_3' title="bbox 342 914 1380 990; baseline -0.002 -15"><span class='ocrx_word' id='word_1_17' title='bbox 342 919 445 976; x_wconf 84' lang='lat' dir='ltr'><strong>mente</strong></span> <span class='ocrx_word' id='word_1_18' title='bbox 470 919 575 976; x_wconf 86' lang='lat' dir='ltr'><strong>nostra</strong></span> <span class='ocrx_word' id='word_1_19' title='bbox 590 917 685 976; x_wconf 89' lang='lat' dir='ltr'><strong>sedet.</strong></span> <span class='ocrx_word' id='word_1_20' title='bbox 711 916 842 976; x_wconf 77' lang='lat' dir='ltr'>Ratione</span> <span class='ocrx_word' id='word_1_21' title='bbox 860 915 944 976; x_wconf 84' lang='lat' dir='ltr'><strong>enirn</strong></span> <span class='ocrx_word' id='word_1_22' title='bbox 965 916 1008 975; x_wconf 81' lang='lat' dir='ltr'><strong>ita</strong></span> <span class='ocrx_word' id='word_1_23' title='bbox 1023 915 1133 975; x_wconf 74' lang='lat' dir='ltr'><strong>divine</strong></span> <span class='ocrx_word' id='word_1_24' title='bbox 1154 919 1270 975; x_wconf 74' lang='lat' dir='ltr'><strong>nature</strong></span> <span class='ocrx_word' id='word_1_25' title='bbox 1285 914 1380 990; x_wconf 86' lang='lat' dir='ltr'><strong>parti-</strong></span> 
     </span>
     <span class='ocr_line' id='line_1_4' title="bbox 342 1021 1380 1099; baseline -0.003 -16"><span class='ocrx_word' id='word_1_26' title='bbox 342 1023 426 1099; x_wconf 83' lang='lat' dir='ltr'><strong>cipes</strong></span> <span class='ocrx_word' id='word_1_27' title='bbox 440 1041 546 1084; x_wconf 88' lang='lat' dir='ltr'><strong>sumus</strong></span> <span class='ocrx_word' id='word_1_28' title='bbox 565 1028 598 1083; x_wconf 90' lang='lat' dir='ltr'><strong>ut</strong></span> <span class='ocrx_word' id='word_1_29' title='bbox 618 1023 780 1084; x_wconf 75' lang='lat' dir='ltr'><strong>aflectibus</strong></span> <span class='ocrx_word' id='word_1_30' title='bbox 799 1027 941 1083; x_wconf 83' lang='lat' dir='ltr'><strong>naturam</strong></span> <span class='ocrx_word' id='word_1_31' title='bbox 961 1022 1143 1082; x_wconf 83' lang='lat' dir='ltr'><strong>animalium</strong></span> <span class='ocrx_word' id='word_1_32' title='bbox 1160 1022 1327 1081; x_wconf 83' lang='lat' dir='ltr'><strong>imitamur.</strong></span> <span class='ocrx_word' id='word_1_33' title='bbox 1347 1021 1380 1080; x_wconf 91' lang='lat' dir='ltr'><strong>ld</strong></span> 
     </span>
     <span class='ocr_line' id='line_1_5' title="bbox 341 1128 1379 1207; baseline -0.004 -17"><span class='ocrx_word' id='word_1_34' title='bbox 341 1131 480 1190; x_wconf 87' lang='lat' dir='ltr'><strong>divinum</strong></span> <span class='ocrx_word' id='word_1_35' title='bbox 491 1135 538 1191; x_wconf 88' lang='lat' dir='ltr'><strong>est</strong></span> <span class='ocrx_word' id='word_1_36' title='bbox 551 1149 614 1191; x_wconf 91' lang='lat' dir='ltr'><strong>non</strong></span> <span class='ocrx_word' id='word_1_37' title='bbox 633 1130 733 1191; x_wconf 86' lang='lat' dir='ltr'><strong>solum</strong></span> <span class='ocrx_word' id='word_1_38' title='bbox 749 1131 831 1207; x_wconf 84' lang='lat' dir='ltr'><strong>quod</strong></span> <span class='ocrx_word' id='word_1_39' title='bbox 846 1149 864 1190; x_wconf 83' lang='lat' dir='ltr'>a</span> <span class='ocrx_word' id='word_1_40' title='bbox 879 1130 941 1190; x_wconf 91' lang='lat' dir='ltr'><strong>Deo</strong></span> <span class='ocrx_word' id='word_1_41' title='bbox 958 1130 1054 1190; x_wconf 89' lang='lat' dir='ltr'><strong>oritur</strong></span> <span class='ocrx_word' id='word_1_42' title='bbox 1070 1130 1123 1189; x_wconf 86' lang='lat' dir='ltr'><strong>sed</strong></span> <span class='ocrx_word' id='word_1_43' title='bbox 1141 1129 1221 1205; x_wconf 88' lang='lat' dir='ltr'><strong>quod</strong></span> <span class='ocrx_word' id='word_1_44' title='bbox 1237 1128 1379 1188; x_wconf 87' lang='lat' dir='ltr'><strong>addeum</strong></span> 
     </span>
     <span class='ocr_line' id='line_1_6' title="bbox 344 1235 1379 1314; baseline -0.002 -18"><span class='ocrx_word' id='word_1_45' title='bbox 344 1238 489 1314; x_wconf 83' lang='lat' dir='ltr'>procedit.</span> <span class='ocrx_word' id='word_1_46' title='bbox 509 1238 552 1299; x_wconf 90' lang='lat' dir='ltr'><strong>De</strong></span> <span class='ocrx_word' id='word_1_47' title='bbox 577 1238 700 1313; x_wconf 82' lang='lat' dir='ltr'><strong>justitia</strong></span> <span class='ocrx_word' id='word_1_48' title='bbox 714 1237 894 1297; x_wconf 79' lang='lat' dir='ltr'><strong>Aristoteles</strong></span> <span class='ocrx_word' id='word_1_49' title='bbox 912 1237 993 1297; x_wconf 81' lang='lat' dir='ltr'><strong>idern</strong></span> <span class='ocrx_word' id='word_1_50' title='bbox 1005 1237 1106 1297; x_wconf 81' lang='lat' dir='ltr'><strong>dicere</strong></span> <span class='ocrx_word' id='word_1_51' title='bbox 1127 1235 1278 1313; x_wconf 86' lang='lat' dir='ltr'><strong>potuisset</strong></span> <span class='ocrx_word' id='word_1_52' title='bbox 1293 1254 1328 1295; x_wconf 83' lang='lat' dir='ltr'><strong>ac</strong></span> <span class='ocrx_word' id='word_1_53' title='bbox 1343 1236 1379 1294; x_wconf 88' lang='lat' dir='ltr'><strong>de</strong></span> 
     </span>
     <span class='ocr_line' id='line_1_7' title="bbox 343 1339 1376 1425; baseline -0.004 -21"><span class='ocrx_word' id='word_1_54' title='bbox 343 1345 488 1406; x_wconf 77' lang='lat' dir='ltr'><strong>felicitate</strong></span> <span class='ocrx_word' id='word_1_55' title='bbox 499 1345 636 1422; x_wconf 84' lang='lat' dir='ltr'><strong>scripsit:</strong></span> <span class='ocrx_word' id='word_1_56' title='bbox 645 1345 667 1404; x_wconf 83' lang='grc' dir='ltr'><strong>εἱ</strong></span> <span class='ocrx_word' id='word_1_57' title='bbox 678 1342 725 1425; x_wconf 72' lang='grc' dir='ltr'><strong>μὲν</strong></span> <span class='ocrx_word' id='word_1_58' title='bbox 734 1346 777 1405; x_wconf 73' lang='grc' dir='ltr'><strong>οὖν</strong></span> <span class='ocrx_word' id='word_1_59' title='bbox 786 1344 831 1405; x_wconf 78' lang='grc' dir='ltr'><strong>καὶ</strong></span> <span class='ocrx_word' id='word_1_60' title='bbox 841 1343 908 1404; x_wconf 77' lang='grc' dir='ltr'>ἄλλο</span> <span class='ocrx_word' id='word_1_61' title='bbox 917 1351 945 1403; x_wconf 77' lang='grc' dir='ltr'><strong>τί</strong></span> <span class='ocrx_word' id='word_1_62' title='bbox 950 1346 1021 1404; x_wconf 81' lang='grc' dir='ltr'>ἐστιν</span> <span class='ocrx_word' id='word_1_63' title='bbox 1028 1349 1094 1404; x_wconf 83' lang='grc' dir='ltr'>θεῶν</span> <span class='ocrx_word' id='word_1_64' title='bbox 1102 1346 1212 1424; x_wconf 72' lang='grc' dir='ltr'>δώρημα</span> <span class='ocrx_word' id='word_1_65' title='bbox 1219 1339 1376 1424; x_wconf 75' lang='grc' dir='ltr'>ἀνθρώποις,</span> 
     </span>
    </p>
   </div>
   <div class='ocr_carea' id='block_1_3' title="bbox 341 1445 1377 1532">
    <p class='ocr_par' dir='ltr' id='par_1_3' title="bbox 341 1445 1377 1532">
     <span class='ocr_line' id='line_1_8' title="bbox 341 1445 1377 1532; baseline -0.003 -22"><span class='ocrx_word' id='word_1_66' title='bbox 341 1453 450 1532; x_wconf 68' lang='grc' dir='ltr'>εὔλογον</span> <span class='ocrx_word' id='word_1_67' title='bbox 463 1458 506 1512; x_wconf 82' lang='grc' dir='ltr'><strong>καὶ</strong></span> <span class='ocrx_word' id='word_1_68' title='bbox 523 1450 574 1529; x_wconf 78' lang='grc' dir='ltr'><strong>τὴν</strong></span> <span class='ocrx_word' id='word_1_69' title='bbox 586 1450 754 1532; x_wconf 79' lang='grc' dir='ltr'>εὐδαιμονίαν</span> <span class='ocrx_word' id='word_1_70' title='bbox 769 1450 909 1512; x_wconf 79' lang='grc' dir='ltr'>θεόσδοτον</span> <span class='ocrx_word' id='word_1_71' title='bbox 924 1453 1004 1524; x_wconf 75' lang='grc' dir='ltr'>εἶναι,</span> <span class='ocrx_word' id='word_1_72' title='bbox 1019 1457 1063 1510; x_wconf 80' lang='grc' dir='ltr'><strong>καὶ</strong></span> <span class='ocrx_word' id='word_1_73' title='bbox 1081 1450 1197 1529; x_wconf 72' lang='grc' dir='ltr'>μάλιστα</span> <span class='ocrx_word' id='word_1_74' title='bbox 1211 1461 1265 1509; x_wconf 83' lang='grc' dir='ltr'><strong>τῶν</strong></span> <span class='ocrx_word' id='word_1_75' title='bbox 1277 1445 1377 1530; x_wconf 77' lang='grc' dir='ltr'>ἀνθρω-</span> 
     </span>
    </p>
   </div>
   <div class='ocr_carea' id='block_1_4' title="bbox 337 1554 1378 3345">
    <p class='ocr_par' dir='ltr' id='par_1_4' title="bbox 340 1554 1378 2260">
     <span class='ocr_line' id='line_1_9' title="bbox 341 1554 1378 1641; baseline -0.004 -23"><span class='ocrx_word' id='word_1_76' title='bbox 341 1565 425 1618; x_wconf 86' lang='grc' dir='ltr'>π1νων</span> <span class='ocrx_word' id='word_1_77' title='bbox 437 1564 491 1639; x_wconf 84' lang='grc' dir='ltr'><strong>ὃσῳ</strong></span> <span class='ocrx_word' id='word_1_78' title='bbox 505 1557 695 1638; x_wconf 83' lang='grc' dir='ltr'>βέλτιστον·</span> <span class='ocrx_word' id='word_1_79' title='bbox 708 1558 830 1641; x_wconf 71' lang='grc' dir='ltr'>φαίνεται</span> <span class='ocrx_word' id='word_1_80' title='bbox 842 1555 871 1617; x_wconf 80' lang='grc' dir='ltr'><strong>δὲ</strong></span> <span class='ocrx_word' id='word_1_81' title='bbox 880 1555 928 1618; x_wconf 73' lang='grc' dir='ltr'><strong>κᾶν</strong></span> <span class='ocrx_word' id='word_1_82' title='bbox 938 1557 959 1617; x_wconf 84' lang='grc' dir='ltr'><strong>εἰ</strong></span> <span class='ocrx_word' id='word_1_83' title='bbox 973 1555 1013 1637; x_wconf 77' lang='grc' dir='ltr'><strong>μὴ</strong></span> <span class='ocrx_word' id='word_1_84' title='bbox 1027 1554 1193 1636; x_wconf 76' lang='grc' dir='ltr'>θεόπεμπτός</span> <span class='ocrx_word' id='word_1_85' title='bbox 1205 1557 1313 1617; x_wconf 74' lang='grc' dir='ltr'><strong>ἐστιν...</strong></span> <span class='ocrx_word' id='word_1_86' title='bbox 1325 1564 1378 1614; x_wconf 84' lang='grc' dir='ltr'><strong>τῶν</strong></span> 
     </span>
     <span class='ocr_line' id='line_1_10' title="bbox 343 1658 1376 1741; baseline -0.004 -16"><span class='ocrx_word' id='word_1_87' title='bbox 343 1666 486 1725; x_wconf 78' lang='grc' dir='ltr'>θειοτάτων</span> <span class='ocrx_word' id='word_1_88' title='bbox 512 1658 608 1725; x_wconf 49' lang='grc' dir='ltr'>εἶναιῆ</span> <span class='ocrx_word' id='word_1_89' title='bbox 635 1665 685 1725; x_wconf 84' lang='lat' dir='ltr'><strong>Sic</strong></span> <span class='ocrx_word' id='word_1_90' title='bbox 713 1683 834 1741; x_wconf 86' lang='lat' dir='ltr'><strong>quoqne</strong></span> <span class='ocrx_word' id='word_1_91' title='bbox 865 1664 946 1724; x_wconf 90' lang='lat' dir='ltr'><strong>inter</strong></span> <span class='ocrx_word' id='word_1_92' title='bbox 975 1663 1088 1737; x_wconf 84' lang='lat' dir='ltr'><strong>divina,</strong></span> <span class='ocrx_word' id='word_1_93' title='bbox 1106 1664 1164 1723; x_wconf 88' lang='lat' dir='ltr'><strong>etsi</strong></span> <span class='ocrx_word' id='word_1_94' title='bbox 1190 1681 1208 1722; x_wconf 85' lang='lat' dir='ltr'>a</span> <span class='ocrx_word' id='word_1_95' title='bbox 1238 1664 1295 1722; x_wconf 87' lang='lat' dir='ltr'><strong>deo</strong></span> <span class='ocrx_word' id='word_1_96' title='bbox 1315 1681 1376 1721; x_wconf 92' lang='lat' dir='ltr'><strong>non</strong></span> 
     </span>
     <span class='ocr_line' id='line_1_11' title="bbox 341 1767 1376 1851; baseline -0.005 -20"><span class='ocrx_word' id='word_1_97' title='bbox 341 1772 491 1844; x_wconf 82' lang='lat' dir='ltr'><strong>oriuntur,</strong></span> <span class='ocrx_word' id='word_1_98' title='bbox 506 1771 627 1847; x_wconf 84' lang='lat' dir='ltr'><strong>justitia</strong></span> <span class='ocrx_word' id='word_1_99' title='bbox 645 1772 785 1848; x_wconf 81' lang='lat' dir='ltr'><strong>ratioque</strong></span> <span class='ocrx_word' id='word_1_100' title='bbox 802 1774 1013 1831; x_wconf 82' lang='lat' dir='ltr'><strong>numerantur.</strong></span> <span class='ocrx_word' id='word_1_101' title='bbox 1030 1769 1117 1830; x_wconf 79' lang='grc' dir='ltr'>πάντα</span> <span class='ocrx_word' id='word_1_102' title='bbox 1132 1772 1183 1851; x_wconf 79' lang='grc' dir='ltr'><strong>γὰρ</strong></span> <span class='ocrx_word' id='word_1_103' title='bbox 1194 1767 1267 1850; x_wconf 72' lang='grc' dir='ltr'>φύσει</span> <span class='ocrx_word' id='word_1_104' title='bbox 1280 1770 1336 1851; x_wconf 72' lang='grc' dir='ltr'>ἔχει</span> <span class='ocrx_word' id='word_1_105' title='bbox 1350 1792 1376 1826; x_wconf 90' lang='grc' dir='ltr'><strong>τι</strong></span> 
     </span>
     <span class='ocr_line' id='line_1_12' title="bbox 342 1876 1376 1954; baseline -0.004 -16"><span class='ocrx_word' id='word_1_106' title='bbox 342 1879 431 1938; x_wconf 74' lang='grc' dir='ltr'><strong>θεῖον2</strong></span> <span class='ocrx_word' id='word_1_107' title='bbox 448 1897 454 1939; x_wconf 91' lang='grc'>;</span> <span class='ocrx_word' id='word_1_108' title='bbox 479 1879 552 1954; x_wconf 86' lang='lat' dir='ltr'><strong>quid</strong></span> <span class='ocrx_word' id='word_1_109' title='bbox 565 1897 635 1938; x_wconf 86' lang='lat' dir='ltr'><strong>vero</strong></span> <span class='ocrx_word' id='word_1_110' title='bbox 650 1879 784 1938; x_wconf 89' lang='lat' dir='ltr'><strong>divinius</strong></span> <span class='ocrx_word' id='word_1_111' title='bbox 795 1879 945 1939; x_wconf 83' lang='lat' dir='ltr'><strong>habemus</strong></span> <span class='ocrx_word' id='word_1_112' title='bbox 960 1895 1053 1954; x_wconf 84' lang='lat' dir='ltr'><strong>quarn</strong></span> <span class='ocrx_word' id='word_1_113' title='bbox 1070 1876 1186 1936; x_wconf 81' lang='lat' dir='ltr'><strong>ratio³?</strong></span> <span class='ocrx_word' id='word_1_114' title='bbox 1200 1876 1272 1953; x_wconf 89' lang='lat' dir='ltr'><strong>quid</strong></span> <span class='ocrx_word' id='word_1_115' title='bbox 1296 1876 1376 1935; x_wconf 84' lang='lat' dir='ltr'><strong>aliud</strong></span> 
     </span>
     <span class='ocr_line' id='line_1_13' title="bbox 340 1983 1377 2060; baseline -0.004 -15"><span class='ocrx_word' id='word_1_116' title='bbox 340 1986 401 2046; x_wconf 82' lang='lat' dir='ltr'><strong>nisi</strong></span> <span class='ocrx_word' id='word_1_117' title='bbox 431 1987 508 2046; x_wconf 85' lang='lat' dir='ltr'><strong>ratio</strong></span> <span class='ocrx_word' id='word_1_118' title='bbox 535 2004 591 2046; x_wconf 86' lang='lat' dir='ltr'><strong>nos</strong></span> <span class='ocrx_word' id='word_1_119' title='bbox 614 1986 656 2045; x_wconf 83' lang='lat' dir='ltr'><strong>ita</strong></span> <span class='ocrx_word' id='word_1_120' title='bbox 681 1986 798 2046; x_wconf 72' lang='lat' dir='ltr'><strong>extollit</strong></span> <span class='ocrx_word' id='word_1_121' title='bbox 819 1987 853 2045; x_wconf 81' lang='lat' dir='ltr'><strong>ut</strong></span> <span class='ocrx_word' id='word_1_122' title='bbox 878 1985 986 2045; x_wconf 86' lang='lat' dir='ltr'><strong>bestiis</strong></span> <span class='ocrx_word' id='word_1_123' title='bbox 1010 1983 1216 2060; x_wconf 81' lang='lat' dir='ltr'><strong>praestemus?</strong></span> <span class='ocrx_word' id='word_1_124' title='bbox 1237 1985 1306 2043; x_wconf 81' lang='lat' dir='ltr'><strong>llaeo</strong></span> <span class='ocrx_word' id='word_1_125' title='bbox 1331 1987 1377 2042; x_wconf 87' lang='lat' dir='ltr'><strong>cst</strong></span> 
     </span>
     <span class='ocr_line' id='line_1_14' title="bbox 341 2088 1376 2172; baseline -0.003 -20"><span class='ocrx_word' id='word_1_126' title='bbox 341 2094 436 2171; x_wconf 84' lang='lat' dir='ltr'><strong>igitur</strong></span> <span class='ocrx_word' id='word_1_127' title='bbox 459 2093 580 2169; x_wconf 86' lang='lat' dir='ltr'><strong>justitia</strong></span> <span class='ocrx_word' id='word_1_128' title='bbox 608 2093 712 2152; x_wconf 84' lang='lat' dir='ltr'><strong>divina</strong></span> <span class='ocrx_word' id='word_1_129' title='bbox 733 2091 811 2172; x_wconf 88' lang='lat' dir='ltr'><strong>(non</strong></span> <span class='ocrx_word' id='word_1_130' title='bbox 836 2097 906 2152; x_wconf 86' lang='lat' dir='ltr'><strong>ortu</strong></span> <span class='ocrx_word' id='word_1_131' title='bbox 930 2093 980 2152; x_wconf 92' lang='lat' dir='ltr'><strong>sed</strong></span> <span class='ocrx_word' id='word_1_132' title='bbox 1003 2088 1153 2170; x_wconf 83' lang='lat' dir='ltr'><strong>essentia)</strong></span> <span class='ocrx_word' id='word_1_133' title='bbox 1179 2109 1245 2166; x_wconf 84' lang='lat' dir='ltr'><strong>quae</strong></span> <span class='ocrx_word' id='word_1_134' title='bbox 1272 2094 1376 2150; x_wconf 83' lang='lat' dir='ltr'><strong>nostra</strong></span> 
     </span>
     <span class='ocr_line' id='line_1_15' title="bbox 340 2200 625 2260; baseline 0 -1"><span class='ocrx_word' id='word_1_135' title='bbox 340 2200 460 2260; x_wconf 81' lang='lat' dir='ltr'><strong>ratione</strong></span> <span class='ocrx_word' id='word_1_136' title='bbox 474 2200 625 2259; x_wconf 90' lang='lat' dir='ltr'><strong>conditur.</strong></span> 
     </span>
    </p>

    <p class='ocr_par' dir='ltr' id='par_1_5' title="bbox 337 2303 1376 3008">
     <span class='ocr_line' id='line_1_16' title="bbox 381 2303 1376 2383; baseline -0.004 -16"><span class='ocrx_word' id='word_1_137' title='bbox 381 2309 538 2367; x_wconf 88' lang='lat' dir='ltr'><strong>Postremo</strong></span> <span class='ocrx_word' id='word_1_138' title='bbox 559 2306 738 2366; x_wconf 79' lang='lat' dir='ltr'><strong>Aristoteles</strong></span> <span class='ocrx_word' id='word_1_139' title='bbox 765 2325 868 2366; x_wconf 88' lang='lat' dir='ltr'><strong>seeum</strong></span> <span class='ocrx_word' id='word_1_140' title='bbox 902 2305 1101 2383; x_wconf 83' lang='lat' dir='ltr'><strong>pugnavisset</strong></span> <span class='ocrx_word' id='word_1_141' title='bbox 1118 2305 1144 2364; x_wconf 88' lang='lat' dir='ltr'><strong>si</strong></span> <span class='ocrx_word' id='word_1_142' title='bbox 1164 2304 1227 2380; x_wconf 89' lang='lat' dir='ltr'><strong>juri</strong></span> <span class='ocrx_word' id='word_1_143' title='bbox 1244 2303 1376 2363; x_wconf 84' lang='lat' dir='ltr'><strong>naturali</strong></span> 
     </span>
     <span class='ocr_line' id='line_1_17' title="bbox 340 2403 1375 2483; baseline -0.003 -9"><span class='ocrx_word' id='word_1_144' title='bbox 340 2414 479 2474; x_wconf 89' lang='lat' dir='ltr'><strong>divinum</strong></span> <span class='ocrx_word' id='word_1_145' title='bbox 503 2416 603 2473; x_wconf 88' lang='lat' dir='ltr'><strong>ortum</strong></span> <span class='ocrx_word' id='word_1_146' title='bbox 620 2414 790 2473; x_wconf 81' lang='lat' dir='ltr'><strong>tribuisset.</strong></span> <span class='ocrx_word' id='word_1_147' title='bbox 804 2415 882 2472; x_wconf 79' lang='lat' dir='ltr'><strong>Noni</strong></span> <span class='ocrx_word' id='word_1_148' title='bbox 903 2414 995 2483; x_wconf 90' lang='lat' dir='ltr'><strong>Deus,</strong></span> <span class='ocrx_word' id='word_1_149' title='bbox 1026 2430 1095 2471; x_wconf 90' lang='lat' dir='ltr'><strong>curn</strong></span> <span class='ocrx_word' id='word_1_150' title='bbox 1124 2410 1240 2470; x_wconf 82' lang='lat' dir='ltr'><strong>nullam</strong></span> <span class='ocrx_word' id='word_1_151' title='bbox 1257 2403 1375 2471; x_wconf 80' lang='lat' dir='ltr'><strong>huruu-</strong></span> 
     </span>
     <span class='ocr_line' id='line_1_18' title="bbox 340 2517 1376 2598; baseline -0.004 -19"><span class='ocrx_word' id='word_1_152' title='bbox 340 2539 414 2581; x_wconf 83' lang='lat' dir='ltr'><strong>nam</strong></span> <span class='ocrx_word' id='word_1_153' title='bbox 446 2520 593 2579; x_wconf 82' lang='lat' dir='ltr'><strong>virtutem</strong></span> <span class='ocrx_word' id='word_1_154' title='bbox 628 2538 813 2598; x_wconf 80' lang='lat' dir='ltr'><strong>cognoscere</strong></span> <span class='ocrx_word' id='word_1_155' title='bbox 847 2518 978 2596; x_wconf 77' lang='lat' dir='ltr'><strong>possit⁴,</strong></span> <span class='ocrx_word' id='word_1_156' title='bbox 1009 2537 1069 2594; x_wconf 92' lang='lat' dir='ltr'><strong>quo</strong></span> <span class='ocrx_word' id='word_1_157' title='bbox 1101 2518 1191 2578; x_wconf 89' lang='lat' dir='ltr'><strong>modo</strong></span> <span class='ocrx_word' id='word_1_158' title='bbox 1221 2517 1376 2592; x_wconf 82' lang='lat' dir='ltr'><strong>justitiam</strong></span> 
     </span>
     <span class='ocr_line' id='line_1_19' title="bbox 341 2624 1375 2700; baseline -0.003 -14"><span class='ocrx_word' id='word_1_159' title='bbox 341 2626 481 2687; x_wconf 88' lang='lat' dir='ltr'><strong>homines</strong></span> <span class='ocrx_word' id='word_1_160' title='bbox 505 2627 654 2686; x_wconf 78' lang='lat' dir='ltr'><strong>doceret?</strong></span> <span class='ocrx_word' id='word_1_161' title='bbox 672 2628 764 2691; x_wconf 87' lang='lat' dir='ltr'><strong>Deus,</strong></span> <span class='ocrx_word' id='word_1_162' title='bbox 785 2645 855 2686; x_wconf 84' lang='lat' dir='ltr'><strong>curn</strong></span> <span class='ocrx_word' id='word_1_163' title='bbox 871 2624 948 2684; x_wconf 87' lang='lat' dir='ltr'><strong>nihil</strong></span> <span class='ocrx_word' id='word_1_164' title='bbox 966 2643 1068 2685; x_wconf 81' lang='lat' dir='ltr'><strong>creare</strong></span> <span class='ocrx_word' id='word_1_165' title='bbox 1087 2624 1194 2700; x_wconf 89' lang='lat' dir='ltr'><strong>possit,</strong></span> <span class='ocrx_word' id='word_1_166' title='bbox 1210 2642 1270 2699; x_wconf 88' lang='lat' dir='ltr'><strong>quo</strong></span> <span class='ocrx_word' id='word_1_167' title='bbox 1286 2625 1375 2683; x_wconf 91' lang='lat' dir='ltr'><strong>rnodo</strong></span> 
     </span>
     <span class='ocr_line' id='line_1_20' title="bbox 337 2730 1376 2809; baseline -0.005 -16"><span class='ocrx_word' id='word_1_168' title='bbox 337 2733 390 2809; x_wconf 87' lang='lat' dir='ltr'><strong>jus</strong></span> <span class='ocrx_word' id='word_1_169' title='bbox 418 2734 563 2793; x_wconf 84' lang='lat' dir='ltr'><strong>crearet?</strong></span> <span class='ocrx_word' id='word_1_170' title='bbox 586 2736 611 2792; x_wconf 80' lang='grc' dir='ltr'>Α</span> <span class='ocrx_word' id='word_1_171' title='bbox 635 2735 698 2792; x_wconf 87' lang='lat' dir='ltr'><strong>Deo</strong></span> <span class='ocrx_word' id='word_1_172' title='bbox 717 2733 794 2792; x_wconf 91' lang='lat' dir='ltr'><strong>nihil</strong></span> <span class='ocrx_word' id='word_1_173' title='bbox 814 2751 969 2805; x_wconf 77' lang='lat' dir='ltr'><strong>emanare,</strong></span> <span class='ocrx_word' id='word_1_174' title='bbox 990 2733 1029 2791; x_wconf 83' lang='lat' dir='ltr'><strong>ad</strong></span> <span class='ocrx_word' id='word_1_175' title='bbox 1048 2733 1146 2791; x_wconf 88' lang='lat' dir='ltr'><strong>Deum</strong></span> <span class='ocrx_word' id='word_1_176' title='bbox 1170 2730 1274 2791; x_wconf 84' lang='lat' dir='ltr'><strong>omnia</strong></span> <span class='ocrx_word' id='word_1_177' title='bbox 1296 2730 1376 2790; x_wconf 87' lang='lat' dir='ltr'><strong>trahi</strong></span> 
     </span>
     <span class='ocr_line' id='line_1_21' title="bbox 340 2838 1375 2916; baseline -0.004 -17"><span class='ocrx_word' id='word_1_178' title='bbox 340 2840 542 2916; x_wconf 88' lang='lat' dir='ltr'><strong>philosophus</strong></span> <span class='ocrx_word' id='word_1_179' title='bbox 563 2844 669 2898; x_wconf 87' lang='lat' dir='ltr'><strong>noster</strong></span> <span class='ocrx_word' id='word_1_180' title='bbox 686 2840 864 2900; x_wconf 86' lang='lat' dir='ltr'><strong>contendit:</strong></span> <span class='ocrx_word' id='word_1_181' title='bbox 887 2839 1052 2916; x_wconf 87' lang='lat' dir='ltr'><strong>quomodo</strong></span> <span class='ocrx_word' id='word_1_182' title='bbox 1067 2838 1150 2912; x_wconf 80' lang='lat' dir='ltr'><strong>jusu</strong></span> <span class='ocrx_word' id='word_1_183' title='bbox 1171 2839 1233 2896; x_wconf 86' lang='lat' dir='ltr'><strong>Deo</strong></span> <span class='ocrx_word' id='word_1_184' title='bbox 1249 2854 1375 2897; x_wconf 82' lang='lat' dir='ltr'><strong>emanc-</strong></span> 
     </span>
     <span class='ocr_line' id='line_1_22' title="bbox 340 2947 657 3008; baseline 0 -3"><span class='ocrx_word' id='word_1_185' title='bbox 340 2948 421 3008; x_wconf 87' lang='lat' dir='ltr'><strong>visse</strong></span> <span class='ocrx_word' id='word_1_186' title='bbox 436 2947 657 3006; x_wconf 65' lang='lat' dir='ltr'><strong>credidissetl‘l</strong></span> 
     </span>
    </p>

    <p class='ocr_par' dir='ltr' id='par_1_6' title="bbox 338 3051 1375 3345">
     <span class='ocr_line' id='line_1_23' title="bbox 381 3051 1375 3132; baseline -0.003 -20"><span class='ocrx_word' id='word_1_187' title='bbox 381 3055 464 3114; x_wconf 91' lang='lat' dir='ltr'><strong>lnter</strong></span> <span class='ocrx_word' id='word_1_188' title='bbox 494 3054 631 3113; x_wconf 83' lang='lat' dir='ltr'><strong>diversas</strong></span> <span class='ocrx_word' id='word_1_189' title='bbox 658 3071 826 3132; x_wconf 72' lang='lat' dir='ltr'><strong>grecorum</strong></span> <span class='ocrx_word' id='word_1_190' title='bbox 850 3052 1038 3129; x_wconf 84' lang='lat' dir='ltr'><strong>sapientium</strong></span> <span class='ocrx_word' id='word_1_191' title='bbox 1067 3051 1228 3126; x_wconf 86' lang='lat' dir='ltr'><strong>opiniones</strong></span> <span class='ocrx_word' id='word_1_192' title='bbox 1247 3051 1310 3110; x_wconf 86' lang='lat' dir='ltr'><strong>haec</strong></span> <span class='ocrx_word' id='word_1_193' title='bbox 1328 3053 1375 3109; x_wconf 80' lang='lat' dir='ltr'><strong>est</strong></span> 
     </span>
     <span class='ocr_line' id='line_1_24' title="bbox 338 3157 1373 3237; baseline -0.005 -17"><span class='ocrx_word' id='word_1_194' title='bbox 338 3162 511 3222; x_wconf 76' lang='lat' dir='ltr'><strong>Aristotelis</strong></span> <span class='ocrx_word' id='word_1_195' title='bbox 539 3161 716 3222; x_wconf 83' lang='lat' dir='ltr'><strong>sententia:</strong></span> <span class='ocrx_word' id='word_1_196' title='bbox 744 3178 844 3236; x_wconf 87' lang='lat' dir='ltr'><strong>neque</strong></span> <span class='ocrx_word' id='word_1_197' title='bbox 870 3178 887 3218; x_wconf 88' lang='lat' dir='ltr'>a</span> <span class='ocrx_word' id='word_1_198' title='bbox 915 3157 983 3237; x_wconf 84' lang='lat' dir='ltr'><strong>lege</strong></span> <span class='ocrx_word' id='word_1_199' title='bbox 1012 3177 1112 3234; x_wconf 89' lang='lat' dir='ltr'><strong>neque</strong></span> <span class='ocrx_word' id='word_1_200' title='bbox 1142 3178 1159 3217; x_wconf 85' lang='lat' dir='ltr'>a</span> <span class='ocrx_word' id='word_1_201' title='bbox 1190 3158 1247 3216; x_wconf 86' lang='lat' dir='ltr'><strong>deo</strong></span> <span class='ocrx_word' id='word_1_202' title='bbox 1278 3157 1332 3216; x_wconf 87' lang='lat' dir='ltr'><strong>sed</strong></span> <span class='ocrx_word' id='word_1_203' title='bbox 1357 3175 1373 3215; x_wconf 85' lang='lat' dir='ltr'><strong>u</strong></span> 
     </span>
     <span class='ocr_line' id='line_1_25' title="bbox 338 3264 1240 3345; baseline -0.007 -17"><span class='ocrx_word' id='word_1_204' title='bbox 338 3273 447 3328; x_wconf 81' lang='lat' dir='ltr'><strong>natura</strong></span> <span class='ocrx_word' id='word_1_205' title='bbox 461 3273 552 3345; x_wconf 83' lang='lat' dir='ltr'><strong>atque</strong></span> <span class='ocrx_word' id='word_1_206' title='bbox 570 3268 687 3328; x_wconf 84' lang='lat' dir='ltr'><strong>ratione</strong></span> <span class='ocrx_word' id='word_1_207' title='bbox 700 3268 822 3343; x_wconf 84' lang='lat' dir='ltr'><strong>justitia</strong></span> <span class='ocrx_word' id='word_1_208' title='bbox 841 3266 1025 3342; x_wconf 84' lang='lat' dir='ltr'><strong>principium</strong></span> <span class='ocrx_word' id='word_1_209' title='bbox 1043 3283 1133 3325; x_wconf 87' lang='lat' dir='ltr'><strong>suurn</strong></span> <span class='ocrx_word' id='word_1_210' title='bbox 1146 3264 1240 3323; x_wconf 87' lang='lat' dir='ltr'><strong>ducit.</strong></span> 
     </span>
    </p>
   </div>
   <div class='ocr_carea' id='block_1_5' title="bbox 368 3501 1373 3886">
    <p class='ocr_par' dir='ltr' id='par_1_7' title="bbox 370 3501 1155 3564">
     <span class='ocr_line' id='line_1_26' title="bbox 370 3501 1155 3564; baseline -0.005 -10"><span class='ocrx_word' id='word_1_211' title='bbox 370 3507 392 3555; x_wconf 94' lang='grc'><strong>1.</strong></span> <span class='ocrx_word' id='word_1_212' title='bbox 412 3505 471 3555; x_wconf 75' lang='lat' dir='ltr'><strong>Ero.</strong></span> <span class='ocrx_word' id='word_1_213' title='bbox 487 3506 543 3554; x_wconf 86' lang='lat' dir='ltr'><strong>Nic.</strong></span> <span class='ocrx_word' id='word_1_214' title='bbox 561 3505 591 3554; x_wconf 79' lang='grc' dir='ltr'><strong>Α.</strong></span> <span class='ocrx_word' id='word_1_215' title='bbox 607 3504 746 3553; x_wconf 74' lang='grc'>1111111191)</span> <span class='ocrx_word' id='word_1_216' title='bbox 763 3505 800 3553; x_wconf 74' lang='grc'>12,</span> <span class='ocrx_word' id='word_1_217' title='bbox 813 3502 852 3552; x_wconf 81' lang='lat' dir='ltr'><strong>Gt.</strong></span> <span class='ocrx_word' id='word_1_218' title='bbox 868 3503 939 3564; x_wconf 66' lang='lat' dir='ltr'><em>ibid„</em></span> <span class='ocrx_word' id='word_1_219' title='bbox 956 3505 993 3552; x_wconf 76' lang='lat'><strong>12.</strong></span> <span class='ocrx_word' id='word_1_220' title='bbox 1010 3505 1068 3551; x_wconf 89' lang='grc'>1101</span> <span class='ocrx_word' id='word_1_221' title='bbox 1086 3501 1102 3550; x_wconf 83' lang='lat' dir='ltr'>h</span> <span class='ocrx_word' id='word_1_222' title='bbox 1117 3503 1155 3551; x_wconf 78' lang='lat'><strong>25.</strong></span> 
     </span>
    </p>

    <p class='ocr_par' dir='ltr' id='par_1_8' title="bbox 369 3584 807 3634">
     <span class='ocr_line' id='line_1_27' title="bbox 369 3584 807 3634; baseline -0.005 0"><span class='ocrx_word' id='word_1_223' title='bbox 369 3588 392 3633; x_wconf 80' lang='lat'><strong>2.</strong></span> <span class='ocrx_word' id='word_1_224' title='bbox 409 3585 470 3634; x_wconf 82' lang='lat' dir='ltr'><strong>Eth.</strong></span> <span class='ocrx_word' id='word_1_225' title='bbox 484 3586 540 3634; x_wconf 84' lang='lat' dir='ltr'><strong>Nic.</strong></span> <span class='ocrx_word' id='word_1_226' title='bbox 561 3584 591 3632; x_wconf 94' lang='grc'>11.</span> <span class='ocrx_word' id='word_1_227' title='bbox 608 3588 645 3632; x_wconf 76' lang='lat' dir='ltr'><strong>tl.</strong></span> <span class='ocrx_word' id='word_1_228' title='bbox 663 3586 722 3633; x_wconf 80' lang='lat'><strong>1153</strong></span> <span class='ocrx_word' id='word_1_229' title='bbox 738 3585 807 3633; x_wconf 73' lang='lat'><strong>1132.</strong></span> 
     </span>
    </p>

    <p class='ocr_par' dir='ltr' id='par_1_9' title="bbox 368 3664 941 3724">
     <span class='ocr_line' id='line_1_28' title="bbox 368 3664 941 3724; baseline -0.003 -9"><span class='ocrx_word' id='word_1_230' title='bbox 368 3668 390 3715; x_wconf 82' lang='lat'><strong>3.</strong></span> <span class='ocrx_word' id='word_1_231' title='bbox 409 3665 469 3715; x_wconf 75' lang='lat' dir='ltr'><strong>Ello.</strong></span> <span class='ocrx_word' id='word_1_232' title='bbox 485 3665 542 3714; x_wconf 87' lang='lat' dir='ltr'><strong>Nic.</strong></span> <span class='ocrx_word' id='word_1_233' title='bbox 558 3666 625 3714; x_wconf 63' lang='grc'>111.</span> <span class='ocrx_word' id='word_1_234' title='bbox 642 3666 730 3714; x_wconf 76' lang='lat' dir='ltr'><strong>lilla</strong></span> <span class='ocrx_word' id='word_1_235' title='bbox 746 3667 782 3724; x_wconf 81' lang='grc'>16,</span> <span class='ocrx_word' id='word_1_236' title='bbox 798 3664 887 3714; x_wconf 75' lang='grc'>11111)</span> <span class='ocrx_word' id='word_1_237' title='bbox 903 3666 941 3713; x_wconf 77' lang='grc'><strong>21.</strong></span> 
     </span>
    </p>

    <p class='ocr_par' dir='ltr' id='par_1_10' title="bbox 368 3744 878 3808">
     <span class='ocr_line' id='line_1_29' title="bbox 368 3744 878 3808; baseline -0.004 -13"><span class='ocrx_word' id='word_1_238' title='bbox 368 3750 391 3795; x_wconf 83' lang='grc'><strong>1.</strong></span> <span class='ocrx_word' id='word_1_239' title='bbox 409 3744 470 3794; x_wconf 75' lang='lat' dir='ltr'><strong>nto.</strong></span> <span class='ocrx_word' id='word_1_240' title='bbox 486 3747 541 3794; x_wconf 86' lang='lat' dir='ltr'><strong>Nic.</strong></span> <span class='ocrx_word' id='word_1_241' title='bbox 558 3747 588 3795; x_wconf 86' lang='lat' dir='ltr'><strong>K.</strong></span> <span class='ocrx_word' id='word_1_242' title='bbox 603 3747 626 3793; x_wconf 85' lang='lat'><strong>8.</strong></span> <span class='ocrx_word' id='word_1_243' title='bbox 643 3746 702 3793; x_wconf 79' lang='grc' dir='ltr'>11·νὸ</span> <span class='ocrx_word' id='word_1_244' title='bbox 717 3745 734 3793; x_wconf 89' lang='grc'>1)</span> <span class='ocrx_word' id='word_1_245' title='bbox 750 3746 763 3792; x_wconf 91' lang='lat'>8</span> <span class='ocrx_word' id='word_1_246' title='bbox 779 3747 804 3794; x_wconf 90' lang='lat' dir='ltr'><strong>et</strong></span> <span class='ocrx_word' id='word_1_247' title='bbox 820 3759 878 3808; x_wconf 81' lang='lat' dir='ltr'><strong>sqq.</strong></span> 
     </span>
    </p>

    <p class='ocr_par' dir='ltr' id='par_1_11' title="bbox 368 3822 1373 3886">
     <span class='ocr_line' id='line_1_30' title="bbox 368 3822 1373 3886; baseline -0.009 -11"><span class='ocrx_word' id='word_1_248' title='bbox 368 3829 391 3875; x_wconf 83' lang='lat'><strong>5.</strong></span> <span class='ocrx_word' id='word_1_249' title='bbox 411 3825 447 3875; x_wconf 89' lang='lat' dir='ltr'><strong>Cl.</strong></span> <span class='ocrx_word' id='word_1_250' title='bbox 464 3824 584 3886; x_wconf 80' lang='lat' dir='ltr'><strong>Oncken,</strong></span> <span class='ocrx_word' id='word_1_251' title='bbox 598 3826 644 3874; x_wconf 78' lang='lat' dir='ltr'><strong>no</strong></span> <span class='ocrx_word' id='word_1_252' title='bbox 655 3823 821 3874; x_wconf 82' lang='lat' dir='ltr'><strong>Stoulslehre</strong></span> <span class='ocrx_word' id='word_1_253' title='bbox 831 3825 875 3873; x_wconf 83' lang='lat' dir='ltr'><strong>des</strong></span> <span class='ocrx_word' id='word_1_254' title='bbox 890 3823 1051 3886; x_wconf 77' lang='lat' dir='ltr'><strong>Aristoteles,</strong></span> <span class='ocrx_word' id='word_1_255' title='bbox 1068 3823 1120 3872; x_wconf 83' lang='lat' dir='ltr'><strong>vol.</strong></span> <span class='ocrx_word' id='word_1_256' title='bbox 1134 3823 1168 3883; x_wconf 84' lang='lat' dir='ltr'><strong>ll,</strong></span> <span class='ocrx_word' id='word_1_257' title='bbox 1184 3836 1210 3886; x_wconf 91' lang='lat' dir='ltr'><strong>p.</strong></span> <span class='ocrx_word' id='word_1_258' title='bbox 1233 3823 1258 3869; x_wconf 94' lang='grc'><strong>11</strong></span> <span class='ocrx_word' id='word_1_259' title='bbox 1277 3822 1303 3869; x_wconf 84' lang='lat' dir='ltr'><strong>et</strong></span> <span class='ocrx_word' id='word_1_260' title='bbox 1315 3833 1373 3882; x_wconf 82' lang='lat' dir='ltr'><strong>sqq.</strong></span> 
     </span>
    </p>
   </div>
   <div class='ocr_carea' id='block_1_6' title="bbox 0 0 1604 5058">
    <p class='ocr_par' dir='ltr' id='par_1_12' title="bbox 0 0 1604 5058">
     <span class='ocr_line' id='line_1_31' title="bbox 0 0 1604 5058; baseline 0 2"><span class='ocrx_word' id='word_1_261' title='bbox 0 0 1604 5058; x_wconf 95' lang='lat' dir='ltr'><strong> </strong></span> 
     </span>
    </p>
   </div>
  </div>
 </body>
</html>
