3200 5058
319 634 357 695 56
599 652 634 693 ou
654 652 774 694 iusrrrm
795 653 867 695 aruo
890 653 1076 696 rarsroremu

319 773 449 836 τελεωθὲν
462 773 601 856 βέλτιστον
615 788 670 835 τῶν
681 778 756 858 ζῴων
766 775 901 858 ἄνθρωπός
911 779 992 855 ἐστιν,
1004 777 1074 837 οὕτω
1086 776 1130 837 καὶ
1139 773 1266 858 χωρισθὲν
1275 775 1356 856 νόμου

318 889 363 941 καὶ
377 880 450 955 δίκης
464 888 595 964 χείριστον
610 883 746 943 πάντωνῑ.

815 1206 857 1265 111

359 1420 430 1491 Quae
445 1439 516 1479 oum
533 1421 576 1480 ita
592 1420 663 1492 sint,
688 1420 765 1479 seire
790 1437 952 1496 possumus
971 1419 1083 1495 quibus
1109 1420 1240 1494 praemiis
1259 1420 1356 1478 bonos

310 1520 526 1598 remunerare,
545 1526 657 1602 quibus
679 1530 783 1586 autem
802 1525 899 1602 poenis
926 1543 1037 1601 pravos
1062 1525 1214 1603 castigare
1238 1526 1355 1601 justum

319 1633 368 1692 sit.

361 1738 497 1798 Primum
513 1738 606 1812 enim,
624 1757 694 1798 oum
710 1739 834 1799 alterius
853 1737 987 1816 dignitas
1003 1737 1066 1819 (vel
1081 1736 1267 1817 indignitas)
1282 1737 1357 1797 alte-

321 1845 383 1904 rius
401 1844 544 1922 dignitati
558 1844 622 1926 (vel
645 1844 839 1925 indignitati)
856 1864 919 1904 non
940 1845 1153 1922 magnitudine
1179 1846 1231 1904 sed
1254 1845 1355 1919 speeie

321 1957 456 2028 praestet,
476 1953 590 2028 specie,
606 1971 668 2011 non
681 1953 895 2030 magnitudine
910 1953 1066 2027 praemium
1085 1951 1149 2031 (vel
1162 1951 1268 2032 poena)
1281 1952 1356 2012 alte-

321 2059 385 2118 rius
398 2058 521 2135 praemio
542 2057 607 2139 (vel
625 2057 736 2139 poenae)
755 2058 879 2118 alterius
895 2061 1037 2134 praestare
1054 2059 1163 2119 debet:
1247 2056 1356 2118 ἕκαστον

320 2177 376 2224 τῶν
393 2163 499 2245 ἀγαθῶν
514 2164 545 2225 οὐ
566 2175 614 2241 τοῦ
638 2163 763 2240 τυχόντος
778 2163 861 2240 ἄξιον,
880 2164 948 2227 ἀλλά
964 2189 1003 2232 τις
1027 2167 1098 2225 ’ἐστιν
1116 2165 1241 2245 ἀναλογία
1263 2164 1307 2224 καὶ
1325 2164 1356 2224 τὸ

321 2270 461 2353 ἁρμόττον,
478 2262 531 2331 οἷον
545 2271 635 2331 ὃπλων
649 2269 745 2339 κᾶλλος
759 2274 789 2331 οὐ
802 2283 841 2352 τῷ
851 2274 943 2352 δικαίῳ
951 2270 1077 2353 ἁρμόττει
1094 2269 1163 2330 ἀλλὰ
1179 2282 1219 2352 τῷ
1235 2269 1354 2352 ἀνδρείῳ,

320 2379 365 2438 καὶ
374 2380 456 2458 γάμοι
470 2378 631 2461 διαφέροντες
644 2377 674 2438 οὐ
689 2383 745 2447 τοῖς
754 2377 849 2438 νεωστί
860 2381 992 2447 πλουσίοις
1003 2376 1072 2438 ἀλλὰ
1082 2383 1138 2446 τοῖς
1153 2379 1294 2453 εὐγενέσιν.
1302 2425 1321 2438 .,
1333 2381 1354 2439 ².

361 2487 477 2546 Deinde
493 2486 631 2547 videmus
654 2505 719 2563 quae
739 2485 861 2561 praemia
881 2486 991 2562 eoique
1009 2486 1169 2563 dignitatis
1185 2487 1291 2564 generi
1308 2486 1357 2547 vei

322 2611 388 2668 quae
402 2611 497 2669 poenae
513 2592 623 2668 cuique
638 2592 833 2670 indignitatis
848 2592 953 2669 generi
968 2596 1151 2669 congruant.
1163 2594 1239 2652 Nam
1256 2594 1356 2652 officio

323 2717 378 2758 suo
396 2698 501 2775 siquis
527 2702 610 2758 reete
633 2701 790 2775 iungatur,
807 2698 927 2772 justum
943 2698 1001 2757 erit
1016 2697 1063 2758 vel
1085 2699 1142 2757 hoe
1163 2698 1299 2758 osticium
1314 2699 1358 2758 itti

323 2822 488 2881 prorogare
508 2804 555 2863 vel
578 2803 662 2862 ilium
686 2782 832 2878 ampliore
851 2804 952 2863 oifioio
974 2822 1100 2878 ornare;
1119 2804 1144 2864 si
1165 2804 1234 2880 quis
1253 2807 1357 2864 autom

323 2909 425 2968 officio
441 2927 496 2968 suo
514 2909 647 2985 pessime
663 2911 819 2987 iungatur,
828 2911 947 2985 justum
958 2909 1015 2969 erit
1027 2910 1114 2969 illum
1130 2929 1166 2970 ex
1183 2911 1241 2970 hoo
1257 2911 1357 2970 oifioio

323 3034 476 3075 amovere.
495 3017 530 3074 ln
548 3015 735 3092 superiorem
760 3015 899 3076 ordinem
920 3017 947 3075 is
970 3021 1188 3092 promoveatur
1204 3017 1256 3092 qui
1274 3021 1357 3077 ortus

323 3141 359 3181 ex
375 3121 480 3182 ordine
495 3122 638 3182 interiore
656 3121 751 3181 vitam
769 3121 884 3181 ordinis
904 3122 1069 3198 superioris
1092 3124 1246 3199 propriam
1262 3124 1355 3195 vivit;

324 3228 375 3305 qui
399 3247 469 3288 vero
494 3247 531 3288 ex
545 3229 651 3288 ordine
676 3228 831 3304 superiore
849 3233 934 3289 ortus
949 3229 1045 3289 vitam
1065 3230 1180 3290 ordinis
1206 3230 1358 3290 interioris

356 3513 377 3558 1.
396 3509 452 3559 Ροί.
469 3510 500 3558 Α.
514 3511 538 3558 2.
555 3511 614 3558 1253
629 3524 645 3558 a
659 3512 690 3561 31
702 3524 761 3573 sqq.
777 3510 816 3560 Cf.
829 3511 903 3560 anet.
919 3513 949 3561 Α.
966 3514 1005 3561 13.
1022 3512 1111 3562 iarah
1126 3515 1141 3561 1
1156 3526 1214 3576 sqq.
1229 3512 1289 3562 mo.
1303 3510 1360 3562 Nic.

323 3590 350 3637 Ε,
364 3592 402 3638 td.
415 3591 473 3638 1135
483 3589 501 3637 h
512 3591 603 3640 10-30:
617 3586 774 3640 Aiistoteles
787 3591 840 3653 (vel
852 3591 998 3655 Eudemus)
1008 3593 1064 3642 haec
1077 3593 1129 3642 tria
1140 3593 1286 3642 discernit:
1304 3595 1360 3644 ἀτυ-

323 3678 424 3734 χήματα
438 3671 493 3732 (ὅσα
504 3673 632 3737 παράλογα
644 3674 684 3720 καὶ
698 3678 731 3735 μὴ
744 3673 792 3722 ἀπὸ
801 3674 952 3740 μοχθηρίας),
965 3676 1132 3739 ἁμαρτήματα
1145 3674 1200 3736 (ὅσα
1210 3681 1271 3737 μήτε
1280 3680 1360 3740 παραί-

322 3754 380 3814 λογα
395 3755 478 3816 καὶμὴ
497 3752 545 3802 ἀπὸ
559 3749 713 3818 μοχθηρίας),
729 3751 869 3813 ἀδικήματα
881 3750 934 3813 (ὅσα
949 3759 1009 3814 μήτε
1020 3757 1148 3819 παράλογα
1164 3756 1213 3803 ἀπὸ
1226 3757 1360 3819 μοχθηρίας

323 3853 348 3883 τε
364 3834 445 3894 ἐστίν).
463 3831 501 3881 Cf.
517 3833 598 3881 etiam
615 3830 688 3880 atet.
705 3831 735 3879 A.
753 3833 790 3880 13.
806 3833 893 3880 131411
908 3833 953 3890 11;
971 3829 1029 3881 uti.
1050 3833 1107 3882 Nic.
1119 3835 1157 3882 ·Η.
1169 3836 1192 3882 i.
1210 3832 1295 3882 11191)
1311 3835 1357 3882 12ε

322 3915 357 3963 ἔτι
372 3914 511 3979 ἀδικώτεροι
526 3915 547 3962 οἱ
560 3914 744 3979 ἐπιθσολὸτεροι.

353 3995 377 4042 2.
394 3991 468 4044 atet.
484 3993 512 4042 B.
525 3994 548 4042 9.
565 3993 651 4042 roera
664 3994 703 4042 m,
