3200 5058
307 611 345 671 21
586 626 621 667 nr
643 622 762 668 susurru
784 623 857 666 trun
878 621 1067 668 nursrorrmu

308 749 556 835 (συναλλάγμασιν)
572 751 651 811 idem
671 749 856 826 principium
874 748 1096 810 constituitur:
1114 750 1152 809 do
1169 753 1204 809 ut
1217 750 1282 822 des,
1299 750 1347 809 vel

308 861 334 920 si
348 858 515 935 sumpseris
528 859 630 919 redde.
645 857 781 917 Primum
799 855 972 931 exemplum
987 873 1030 915 a«
1042 855 1252 916 contractibus
1268 879 1283 912 o
1298 875 1347 916 su-

308 984 442 1027 mamus.
472 967 645 1041 Antequam
675 961 865 1024 alteralteri
893 963 1009 1022 bonum
1039 962 1192 1039 quoddam
1223 964 1346 1036 vendat,

310 1090 393 1149 pone
420 1072 502 1132 bona
534 1071 694 1146 utriusque
725 1068 853 1145 aequalia
882 1086 973 1128 esse:
1007 1068 1033 1128 si
1061 1086 1109 1129 res
1143 1069 1268 1129 alterius
1297 1088 1350 1147 per

311 1204 339 1253 α,
357 1178 484 1239 alterius
497 1196 545 1238 res
560 1196 614 1254 per
631 1181 647 1257 β
673 1177 862 1254 designetur,
882 1176 1015 1236 scribere
1031 1195 1196 1252 possumus
1215 1196 1221 1238 :
1239 1201 1306 1236 o:
1320 1181 1346 1257 β.

311 1289 389 1346 Nam
404 1285 462 1346 etsi
473 1285 551 1346 alter
567 1284 664 1345 altero
679 1285 771 1345 ditior
783 1288 841 1357 est,
852 1283 999 1359 aequolem
1010 1285 1176 1360 quamdam
1190 1284 1349 1361 utriusque

309 1393 352 1453 rei
372 1396 491 1468 partem
509 1391 599 1451 nobis
618 1391 811 1450 considerare
837 1389 910 1450 licet
927 1388 1042 1472 (χρῆται
1071 1393 1107 1457 ὡς
1125 1388 1235 1469 ἴσοιςί).
1263 1392 1349 1450 Nunc

310 1502 414 1559 autem
432 1498 571 1558 venditor
585 1497 715 1573 emptori
732 1515 849 1558 merces
878 1515 951 1557 suos
980 1494 1028 1575 (γ)
1048 1496 1152 1556 tradit.
1169 1498 1245 1555 Tum
1268 1496 1350 1556 illius

309 1623 374 1664 rem
391 1622 445 1680 per
459 1630 475 1664 α
494 1629 567 1677 -γ,
581 1604 674 1678 hujus
689 1607 792 1663 autem
807 1620 870 1662 rem
886 1621 940 1678 per
958 1605 974 1682 β
989 1614 1056 1675 -ev
1070 1602 1244 1680 significare
1262 1620 1350 1679 opor-

310 1715 365 1770 tet.
384 1711 399 1770 l
405 1711 478 1770 ubet
493 1727 566 1788 ergo
578 1710 630 1785 jus
645 1708 847 1769 correctivum
862 1707 907 1768 illi
924 1709 963 1769 ab
975 1708 1032 1768 hoc
1044 1709 1176 1786 pretium
1191 1708 1256 1768 dari
1271 1709 1352 1784 quod

310 1814 1352 1894 tantivaleatquantimercesvenditae.Alterumexemplume«delic-

310 1924 350 1983 tis
363 1946 378 1979 »
391 1926 543 2000 petamus.
560 1923 592 1983 Si
602 1940 650 1982 res
660 1922 786 1998 ejusqui
794 1922 939 1998 injuriam
949 1922 1021 1982 lecit
1034 1926 1064 1983 et
1073 1921 1350 1998 ejusquiinjuriam

312 2048 422 2106 passus
451 2035 498 2091 est
524 2030 655 2106 aequales
686 2034 758 2089 ante
785 2030 886 2089 scelus
913 2029 1113 2090 habuerimus
1129 2027 1261 2109 (αεβ),
1280 2032 1352 2103 post
1424 2065 1428 2071 ·

312 2139 429 2197 lurtum
460 2136 591 2197 seribere
622 2137 790 2213 poterimus
819 2136 950 2195 alterum
975 2161 1078 2209 α-γ,
1104 2135 1234 2195 alterum
1253 2138 1346 2215 β1-γ

313 2242 479 2320 possidere.
497 2245 512 2304 J
517 2244 590 2304 ubet
604 2244 699 2320 igitur
713 2244 765 2318 jus
784 2243 986 2302 correctivum
1000 2244 1082 2302 hunc
1100 2241 1144 2301 illi
1173 2268 1190 2315 γ
1216 2243 1352 2301 reddere.

315 2351 358 2409 De
373 2368 433 2425 quo
448 2349 619 2409 laudandus
634 2354 680 2409 est
696 2352 867 2410 Ramsnuer
883 2368 889 2409 :
909 2373 924 2404 «
950 2350 984 2409 ld
1000 2349 1096 2427 igitur
1121 2349 1201 2409 istud
1225 2348 1354 2424 justitiae

314 2474 425 2533 genus,
442 2456 553 2532 inquit,
571 2456 762 2533 propositum
776 2457 869 2516 babet
884 2460 918 2514 ut
934 2459 1059 2516 tueatur
1081 2456 1164 2531 ipsos
1183 2473 1231 2515 res
1247 2454 1353 2531 quales

314 2567 387 2622 sunt
398 2564 628 2640 reparandoque
641 2564 721 2623 male
734 2566 869 2622 mutatas
881 2563 1023 2622 restituat
1035 2564 1078 2621 2.»
1091 2563 1162 2636 Qum
1176 2581 1245 2621 cum
1261 2562 1355 2638 scrip-

315 2669 355 2728 sit
372 2670 448 2729 nihil
466 2670 549 2731 oliud
564 2670 623 2729 nisi
637 2670 808 2730 Aristotelis
825 2670 917 2729 verbo
941 2670 973 2728 in
988 2670 1120 2729 latinum
1146 2669 1237 2728 vertit
1254 2687 1260 2729 :
1283 2669 1352 2743 jus-

314 2779 381 2834 tum
399 2779 455 2850 est,
473 2777 720 2848 sutrinorum,
737 2774 768 2835 τὸ
782 2774 838 2835 ’ὅσον
853 2777 924 2850 ἔχειν
939 2782 983 2835 καὶ
1006 2774 1132 2856 πρότερον
1147 2775 1191 2834 καὶ
1211 2775 1351 2856 ὕστερονθ.

317 2994 431 3058 ineunte,
444 2996 491 3046 des
506 2996 642 3046 honneurs
663 2999 689 3046 et
704 2998 749 3045 dos
763 2996 897 3047 richesses
919 3000 994 3047 entre
1012 2998 1050 3046 les
1067 2998 1200 3047 membres
1215 2997 1248 3046 de
1261 2997 1286 3045 le
1301 2996 1357 3046 cue

317 3078 343 3125 et
358 3075 384 3124 la
393 3077 493 3140 justice
502 3077 659 3140 reyulatriee
674 3077 720 3140 qui
735 3077 884 3126 dttermine
897 3077 935 3126 les
944 3077 1019 3127 effets
1031 3077 1078 3127 des
1090 3077 1253 3142 obligations
1266 3077 1358 3139 (cosat-

317 3159 447 3221 totynml.
465 3158 513 3207 Les
528 3157 690 3222 obligations
706 3160 767 3207 sont
781 3157 946 3207 volontsircs
965 3172 1000 3208 ou
1018 3158 1221 3215 involuntaires,
1240 3157 1358 3206 division

318 3237 365 3298 qui
379 3238 546 3302 correspond
569 3237 585 3286 ri
605 3236 630 3287 le
643 3237 759 3286 division
776 3238 914 3287 romoine:
930 3252 962 3286 en
977 3241 1115 3288 contractu
1130 3252 1164 3287 ou
1179 3252 1211 3286 en
1223 3237 1317 3288 delicto
1333 3254 1355 3285 ».

319 3317 350 3365 V.
368 3317 447 3366 etiem
464 3332 491 3381 p,
504 3320 559 3379 209,
577 3330 604 3367 n.
619 3320 650 3366 1:
667 3336 680 3365 o
699 3322 850 3381 συνάλλαγμα
862 3332 889 3366 se
903 3318 1004 3367 traduit
1018 3332 1067 3382 por
1079 3317 1220 3381 obliqotion
1240 3317 1356 3381 (Ulpiem

319 3397 388 3460 big„
404 3398 420 3446 l.
438 3400 460 3455 7,
474 3397 507 3445 dc
525 3397 612 3446 Poetis
624 3398 658 3459 11,
675 3400 713 3458 11)
730 3415 753 3446 n.
780 3415 793 3443 α
812 3398 1028 3448 L'enumeration
1051 3398 1097 3447 des
1116 3400 1239 3453 ,contrats
1263 3397 1366 3468 etJdcs'

320 3475 398 3527 delits
413 3477 517 3525 donnes
532 3490 581 3540 pur
602 3476 719 3527 Aristote
735 3480 775 3527 est
789 3478 844 3526 loin
862 3479 944 3528 d'ettre
960 3479 1102 3542 complete.
1119 3480 1226 3527 D'outre
1243 3480 1312 3541 port,
1333 3478 1358 3526 le

320 3556 386 3605 delit
401 3557 433 3605 de
450 3560 643 3620 προπηλακισμός
655 3569 688 3606 ne
704 3572 732 3606 se
746 3561 891 3608 rencontre
906 3559 980 3607 nulle
994 3561 1055 3621 part
1065 3559 1184 3608 oilleurs.
1197 3575 1211 3603 n
1225 3557 1262 3607 Cl.
1277 3558 1357 3606 Boau-

321 3636 392 3697 chet,
406 3637 473 3686 [list.
489 3638 524 3685 du
538 3638 607 3686 droit
620 3638 693 3700 pidve‘
707 3638 740 3687 de
760 3637 787 3688 lo
805 3638 965 3704 ltc'publique
982 3639 1150 3698 atheniense,
1172 3654 1197 3687 v,
1213 3639 1256 3701 lv,
1274 3653 1300 3702 p.
1317 3640 1359 3696 lo,

322 3731 349 3766 n.
364 3720 387 3765 2.

354 3801 376 3846 1.
395 3796 455 3847 utu.
466 3797 522 3847 Nic.
537 3799 566 3846 E.
584 3799 605 3847 l.
623 3799 683 3848 1132
699 3801 752 3849 eb.

354 3880 377 3927 2.
395 3878 441 3927 Ar.
457 3876 517 3926 nto.
532 3878 599 3941 Nic,
616 3877 657 3927 ed.
674 3880 829 3940 bammum,
844 3892 871 3942 p.
887 3882 940 3929 310.

355 3960 377 4008 3.
395 3957 456 4006 Etb.
469 3956 527 4010 Nic.
540 3957 569 4008 E.
586 3961 609 4008 7.
626 3959 764 4009 1132119.
