3200 5058
625 710 660 753 nn
680 710 746 754 suna
765 708 900 752 urrunnu
1245 688 1279 748 24

244 834 475 895 distributivum
496 852 551 911 per
576 835 805 912 proportionem
834 834 1000 910 quamdam
1023 832 1224 909 exprimitur:
1252 829 1283 889 τὸ

243 941 339 1001 δίκαιον
354 940 518 1014 ἄναλογον,
511 941 813 1018 inquinatorum,
830 940 881 1000 et
874 959 906 998 ln
909 942 968 1000 ra
983 963 1014 998 το
1000 937 1056 997 δὲ
1068 937 1195 998 δικον
1170 963 1202 998 το
1211 962 1282 1019 παρ

248 1073 279 1108 το
266 1045 453 1121 derideret&

285 1157 371 1215 Hanc
401 1154 630 1232 proportionem
663 1155 883 1234 geometricam
916 1152 1126 1214 mathematici
1157 1157 1279 1212 vocant.

243 1262 323 1333 Quid
351 1279 423 1322 vero
448 1279 501 1338 per
524 1262 744 1339 geometricam
773 1260 1002 1340 proportionem
1027 1258 1199 1337 intelligere
1227 1261 1281 1318 de-

243 1369 375 1428 bemus?
410 1391 425 1424 «
455 1368 519 1428 Viri
544 1369 654 1428 harum
679 1386 781 1429 rerum
811 1368 913 1444 periti,
944 1367 1044 1443 inquit
1070 1368 1241 1426 Ramsauer
1256 1367 1278 1439 ²,

243 1478 408 1535 autumant
434 1498 449 1530 >›
482 1475 562 1535 hanc
588 1475 815 1551 proportionem
845 1475 913 1534 ideo
949 1473 1169 1553 geometricam
1192 1492 1281 1533 voca-

241 1585 306 1641 tam
340 1600 407 1642 esse
435 1580 508 1658 quia
540 1605 555 1636 ιι
587 1583 625 1642 ab
656 1581 778 1641 Euclide
804 1580 992 1659 geometrico
1022 1602 1037 1635 n
1067 1581 1280 1657 proportiones

241 1689 410 1764 descriptas
439 1706 518 1749 esse.
551 1689 588 1748 Hi
614 1688 819 1766 proportionis
841 1687 923 1748 iilius
945 1664 1069 1761 n’omen,
1095 1706 1157 1746 non
1188 1690 1279 1747 uatu-

241 1813 307 1854 ram
334 1794 510 1871 explanant.
527 1797 588 1856 Nec
618 1795 693 1855 satis
719 1795 818 1871 placet
841 1813 878 1854 ea
895 1812 987 1871 quarn
1013 1794 1078 1869 ipse
1101 1792 1280 1854 Aristoteles

240 1901 363 1978 scripsit
384 1900 545 1962 definitio:
572 1904 599 1962 ἐν
613 1904 664 1982 γὰρ
690 1911 724 1982 τῇ
749 1910 917 1981 γεωμετρικῇ
942 1899 1076 1979 captetve
1101 1906 1147 1960 καὶ
1170 1898 1201 1960 τὸ
1220 1900 1280 1960 ολον

231 2049 255 2074 e
768 2010 781 2066 ι
856 2008 918 2067 ι
969 2007 1057 2073 r÷t
1126 2009 1137 2067 ι

240 2078 303 2134 οπερ
318 2059 442 2135 ἑκατερον
461 2076 526 2135 προς
545 2076 669 2136 εκιιτερον
692 2010 918 2186 (ut-‘fg
910 2058 1106 2172 itam:
1120 2012 1181 2178 Ξ).
1212 2055 1276 2113 Hoc

240 2213 364 2289 quidem
374 2216 411 2274 de
423 2214 610 2292 geometrica
626 2216 821 2292 proportione
837 2235 943 2277 verum
958 2221 1006 2277 est
1023 2220 1115 2293 atque
1130 2218 1166 2275 de
1182 2216 1277 2275 arith-

240 2322 352 2381 metica
367 2321 489 2382 falsum.
513 2322 573 2382 Sed
588 2322 731 2383 accidens
748 2324 902 2399 quoddam
918 2324 1021 2400 potius
1036 2343 1129 2401 quarn
1144 2323 1279 2384 essentia

240 2427 433 2504 geometrieae
457 2428 662 2504 proportionis
685 2430 728 2490 sic
751 2431 940 2506 exprimitur.
963 2431 1034 2490 ldeo
1054 2430 1278 2508 geometricam

241 2535 319 2593 hanc
347 2535 577 2610 proportionem
598 2535 699 2596 vocari
722 2541 866 2612 putamus
890 2538 971 2613 quod
989 2537 1178 2614 geometrica
1199 2555 1279 2612 quae-

239 2640 308 2698 dam
331 2641 430 2718 figura
452 2659 521 2702 earn
543 2641 657 2717 optime
678 2648 749 2703 ante
773 2643 878 2703 oculos
903 2644 1000 2721 ponit.
1023 2645 1100 2702 Nam
1120 2644 1183 2703 haec
1198 2643 1277 2702 ratio

237 2745 442 2822 aequalitatem
466 2766 664 2808 numerorum
685 2747 788 2830 (ἰσότης
808 2748 930 2830 λόγωνῧ)
954 2769 1009 2825 per
1026 2749 1207 2810 divisionem
1228 2749 1277 2809 vel

238 2851 526 2929 multiplicationem
558 2857 736 2915 effectorum
765 2857 923 2941 enuntiat:
957 2857 1012 2930 sic,
1045 2856 1176 2932 exeurpli
1205 2875 1276 2934 gra-

315 2960 327 3016 4
402 2961 420 3018 4

251 3022 336 3077 ra,-
312 3044 383 3115 2-
398 3037 436 3117 8,

235 3166 446 3226 mathematici
465 3166 543 3226 mult
530 3167 754 3245 tiplicationem
784 3187 840 3244 per
865 3186 899 3227 or
900 3168 1081 3246 thogoniam
1111 3169 1276 3244 qnamdam

236 3272 367 3348 figuram
385 3272 562 3392 significarit
577 3294 625 3350 cup
629 3294 665 3336 us
613 3294 834 3352 Jquamque
850 3274 966 3336 lineam
983 3276 1112 3352 quisque
1130 3293 1275 3335 numerus

236 3377 459 3455 multiplicatus
470 3385 545 3441 me
546 3386 606 3441 tun

236 3004 257 3061 t
429 3002 512 3080 ffel,
527 3009 608 3083 quod
622 3007 704 3067 idern
719 3013 777 3082 est,
794 3007 935 3075 1><8=
947 3007 1058 3076 2><4
1067 3009 1161 3069 Graeci
1173 3011 1276 3069 autem

235 3563 327 3612 nitur:
346 3564 418 3614 hunc
429 3565 500 3615 enim
516 3566 604 3616 locum
623 3581 679 3617 non
696 3568 733 3617 ita
745 3569 957 3633 interpretamur
971 3570 1001 3618 ut
1015 3568 1089 3618 Plato
1105 3570 1149 3630 jus
1165 3582 1273 3619 correc-

238 3643 320 3716 tivum
334 3659 349 3692 a
364 3644 536 3696 distributiro
551 3648 701 3696 secrevisse
715 3648 848 3698 videatur.

267 3724 288 3772 4.
305 3724 381 3785 ibid,
398 3727 420 3773 4.
439 3728 495 3774 4434
512 3726 529 3775 h
549 3729 632 3775 42-14.
647 3728 763 3777 Dubium
773 3731 814 3777 est
828 3731 917 3778 utrum
927 3729 1085 3778 Aristoteles
1105 3728 1220 3778 siuriicnr
1232 3732 1273 3779 Ps-

235 3804 361 3866 drchytae
378 3806 542 3855 sententiam
562 3807 719 3871 cognoverit
734 3821 824 3857 annon
836 3809 872 3871 (v.
888 3808 1011 3867 Miliiach,
1024 3808 1130 3873 Frngm.
1143 3809 1209 3873 phil.
1223 3824 1272 3875 gn,

236 3883 289 3932 rol.
300 3884 320 3945 1,
335 3898 362 3948 p.
381 3885 446 3947 56⁰).

267 3964 291 4010 2.
308 3963 370 4011 Erit.
385 3963 454 4022 Nic,
471 3965 513 4015 ed.
530 3965 687 4023 Ramsauen
700 3982 729 4032 p.
742 3968 796 4016 304.

267 4042 291 4091 3.
309 4041 369 4092 uto.
384 4043 440 4093 Nic.
455 4043 484 4095 E.
499 4046 523 4095 6.
541 4047 599 4096 4434
618 4048 687 4097 834.
