3200 5058
331 581 369 643 26
609 606 644 648 ur
665 606 785 650 Jusrrru
807 607 878 653 aruo
900 610 1087 655 rursrormru

371 727 472 789 Prima
486 729 568 792 linea
584 730 646 813 (cr)
659 751 724 794 rem
738 736 906 796 venditoris
927 742 1091 814 postquam
1108 756 1224 799 merces
1241 739 1367 799 tradidit

329 833 378 894 vel
392 854 457 896 rem
470 838 602 916 ejusqui
618 840 764 915 injuriam
779 861 889 919 passus
904 848 950 904 est
964 844 1136 923 significat;
1154 846 1246 906 tertia
1263 850 1366 907 autem

329 940 410 1001 linea
425 940 490 1025 (γδ)
505 963 569 1006 rem
591 949 737 1025 emptoris
760 955 924 1027 postquam
946 969 1064 1012 merces
1087 953 1206 1029 accepit
1227 951 1275 1013 vel
1300 972 1366 1013 rem

329 1048 403 1109 luris
418 1056 581 1128 postquam
597 1056 711 1115 lurtum
725 1057 816 1131 tecit3
832 1058 963 1135 denique
979 1057 1020 1139 βρ’
1035 1059 1178 1135 exprimit
1192 1077 1241 1120 res
1252 1061 1365 1120 utrius-

328 1172 387 1230 que
402 1155 445 1216 ita
458 1160 618 1221 restitutas
629 1166 663 1222 ut
674 1163 728 1239 jus
743 1165 948 1224 correctivum
963 1165 1100 1242 requirit.
1113 1164 1169 1226 Vel
1185 1166 1296 1227 etiam:
1310 1172 1324 1225 ὀ
1336 1165 1368 1227 δὲ

328 1262 456 1342 δικαστὴς
478 1266 604 1337 ὶιιανιοοῖ,
631 1275 675 1329 καὶ
702 1269 791 1352 ὥσπερ
808 1279 937 1352 γραμμῆς
949 1271 986 1341 εἷς
1002 1271 1080 1333 ἄνισα
1095 1272 1270 1352 τετμημένας,
1290 1274 1312 1354 ᾧ
1332 1272 1364 1332 τὸ

329 1371 419 1446 μεῖζον
436 1380 536 1451 τμῆμα
553 1383 604 1452 τῆς
623 1379 749 1455 ἡμισείας
775 1376 909 1460 ὑπερέχει,
927 1377 1000 1438 τοῦτ’
1015 1381 1108 1459 ἀφεῖλε
1121 1385 1166 1440 καὶ
1189 1383 1228 1460 τῷ
1247 1380 1367 1441 ἐλάττονι

329 1477 452 1554 τμήματι
477 1480 647 1561 προσέθηκεν.
673 1484 737 1544 ὅταν
763 1483 790 1545 δὲ
813 1485 876 1560 δίχα
898 1488 1019 1566 διαιρεθῇ
1044 1483 1075 1546 τὸ
1098 1485 1170 1560 ὅλον,
1197 1484 1257 1546 τότε
1285 1493 1364 1569 φασὶν

329 1586 402 1663 ἔχειν
416 1584 447 1648 τδ
463 1592 544 1648 αὑτοῦ
565 1588 629 1650 ὅταν
644 1591 746 1652 λάθωσι
764 1590 796 1652 τὸ
818 1591 908 1652 ἴαονὶ
934 1593 995 1664 Sic,
1019 1593 1151 1670 exempli
1166 1593 1275 1671 gratia,
1293 1597 1362 1670 post

330 1698 447 1756 lurtum
462 1715 511 1757 res
526 1698 686 1775 utriusque
701 1699 759 1759 viri
772 1703 942 1778 figuremus
957 1718 963 1760 :

320 1865 938 1970 ssss
970 1911 1125 1994 (ων).

341 2059 414 2118 Post
426 2058 579 2135 judicium
595 2080 647 2123 cas
663 2063 706 2123 ita
723 2064 857 2143 figurare
873 2083 1057 2142 possumus:

319 2209 1365 2385 ss-m-(ffippazrssr).
1441 2302 1444 2307 ,

1273 2306 1290 2365 2

330 2413 389 2473 Sed
402 2411 451 2470 hic
464 2411 537 2488 quid
556 2430 633 2488 opus
651 2414 697 2471 est
720 2413 916 2490 geometricis
935 2413 995 2474 illis
1019 2414 1150 2492 figuris?
1173 2412 1363 2485 Aristoteles,

331 2536 401 2579 cum
424 2521 523 2597 ligura
538 2518 668 2579 alterum
683 2519 812 2594 justitia
828 2537 926 2597 genus
941 2519 1157 2580 illustravisset
1172 2519 1303 2580 alterum
1312 2538 1367 2595 per

330 2625 504 2704 analogiam
513 2625 687 2686 illustravit.
704 2627 765 2686 Sed
777 2626 835 2686 illac
851 2626 938 2686 lineae
952 2645 1150 2687 numerorum
1163 2625 1366 2704 quorumdam

329 2733 412 2793 vices
427 2737 535 2792 teuent
556 2750 656 2808 neque
678 2733 838 2793 obscurius
862 2734 972 2794 luisset
995 2752 1140 2794 numeros
1157 2751 1251 2810 quam
1267 2733 1365 2792 lineas

329 2856 453 2916 ponere.
474 2840 538 2899 lmo
553 2839 673 2897 numeri
694 2838 794 2899 lineas
810 2838 979 2916 explicant:
999 2842 1068 2917 jure
1083 2840 1178 2917 igitur
1192 2841 1365 2899 mathema-

328 2946 382 3006 tici
400 2946 480 3006 hanc
495 2945 723 3021 proportionem
738 2946 964 3006 arithmeticam
978 2950 1174 3007 vocaverunt.

368 3053 547 3113 Aristoteles
558 3070 612 3129 per
622 3051 777 3126 justitiam
788 3053 994 3129 equalitatem
1010 3052 1166 3130 intelligit,
1184 3053 1241 3126 sed>
1255 3053 1367 3128 duplex

329 3164 376 3220 cst
397 3159 573 3236 aequalitas:
597 3160 652 3219 ’ἐστι
675 3156 704 3218 δὲ
725 3158 813 3219 διττὸν
827 3158 933 3219 τὸῖοον·
959 3160 990 3219 τὸ
1009 3157 1123 3240 μὲνγὰρ
1147 3163 1259 3240 ἀριθμῷ,
1285 3156 1316 3218 τὸ
1339 3156 1366 3218 δὲ

327 3266 386 3326 κατ’
397 3263 469 3336 ἀξίαν
480 3266 545 3325 ἐστί·
560 3264 632 3345 λέγω
644 3265 667 3323 δ’
677 3262 782 3346 ἀριθμῷ
798 3264 845 3345 μὲν
856 3264 887 3325 τὸ
901 3267 999 3342 πλήθει
1008 3267 1025 3337 ἢ
1034 3265 1138 3345 μεγέθει
1148 3264 1229 3325 ταύτὸ
1241 3264 1286 3325 καὶ
1295 3263 1364 3336 locu,

327 3372 386 3432 κατ’
396 3371 468 3442 ἀξίαν
485 3370 512 3430 δὲ
527 3370 558 3429 τὸ
575 3384 613 3451 τῷ
629 3370 710 3452 λόγῳ.
721 3373 784 3431 Olor
797 3372 917 3452 ὑπερέχει
927 3376 993 3432 κατ’
1003 3370 1111 3453 ἀριθμὸν
1126 3369 1172 3450 μὲν
1189 3370 1247 3432 ἰ’σον
1262 3374 1296 3431 τὰ
1307 3371 1365 3452 τρία

326 3483 382 3539 τοῖν
394 3482 463 3538 δυοῖν
477 3479 521 3538 καὶ
537 3488 622 3537 ταῦτα
637 3485 684 3536 τοῦ
695 3475 749 3546 ἑνός
764 3476 797 3558 (3
809 3513 847 3521 -
858 3478 876 3536 2
888 3506 924 3530 --·
937 3478 954 3537 2
968 3512 1003 3521 -
1016 3478 1059 3559 1)·
1078 3476 1151 3560 λόγῳ
1166 3476 1193 3538 δὲ
1208 3475 1242 3537 τλ
1251 3476 1365 3558 τέτταρα

326 3591 380 3646 τοῖν
406 3589 475 3645 δυοῖν
487 3591 532 3645 καὶ
553 3591 638 3645 ταῦτα
658 3589 705 3643 τοῦ
718 3583 788 3665 ,ἑνός’
803 3584 859 3645 ἴσον
875 3588 924 3666 γὰρ
949 3585 1026 3666 μέρος
1045 3588 1079 3645 τὰ
1096 3582 1140 3644 δύο
1158 3596 1212 3643 τῶν
1231 3585 1363 3666 τεττάρων

349 3735 650 3761 ..ματη
749 3692 1022 3759 Η[21
1147 3736 1152 3747 .
1346 3731 1353 3743 .

326 3763 371 3799 και
387 3762 419 3796 το
435 3763 461 3797 εν
473 3760 530 3796 τοιν
539 3740 619 3798 δυοιν·
633 3761 713 3818 αμρω
727 3761 777 3818 γαρ
789 3760 874 3816 ημιση
892 3696 944 3864 (E
955 3769 991 3792 =
1002 3693 1067 3868 {l
1085 3737 1205 3812 Optrmc
1214 3733 1365 3795 hocPolr-

356 3950 412 4000 Nic.
426 3951 454 3999 E.
473 3952 496 4000 l.
513 3951 573 4000 1132
596 3951 653 4000 1125.
