3200 5058
361 645 395 687 na
415 643 561 687 arenrrnrr
582 644 614 685 rr
635 639 828 695 ranicundam
852 641 886 683 ua
907 641 1026 684 annuns
1049 642 1080 683 ar
1101 643 1195 688 rmurs
1256 627 1295 687 47

259 774 325 829 tum
336 770 480 847 sophista
492 772 501 806 ¹
514 769 684 846 potentiam
699 766 841 827 laudibus
853 764 1014 826 extollunt.
1031 742 1180 829 Socratici
1190 788 1296 831 rursus

260 878 445 955 dignitatem
460 895 477 937 a
495 876 647 953 sapientia
660 891 819 950 nunqnam
840 873 1037 950 sejunguntl.
1056 875 1205 952 Denique,
1226 896 1296 938 cum

260 984 412 1060 plerisque
425 985 598 1065 Graecarum
611 981 691 1042 servi
708 980 814 1041 liberis
829 979 902 1039 viris
916 979 1051 1056 impares
1066 981 1217 1059 dignitate
1228 1003 1296 1045 esse

262 1092 412 1162 videntur,
430 1089 540 1169 Cynici
553 1089 665 1149 liberos
681 1087 776 1148 servis
794 1091 938 1163 praestare
952 1089 1096 1165 negantl.
1117 1089 1170 1149 Cui
1188 1092 1295 1153 harum

261 1199 485 1259 sententiarum
498 1196 679 1257 Aristoteles
693 1194 847 1256 assensit?

298 1305 487 1379 Aristoteles
498 1322 568 1365 eum
584 1305 623 1363 ab
638 1302 781 1362 omatibus
795 1301 984 1377 philosophis
997 1306 1027 1361 et
1044 1302 1178 1378 politicis
1189 1306 1298 1366 verita-

260 1417 323 1472 tem
360 1413 524 1488 quamdam
559 1412 596 1471 de
636 1410 786 1486 dignitate
823 1408 983 1467 hominum
1012 1414 1189 1500 perceptam
1227 1431 1296 1473 esse

261 1519 398 1592 eredidit,
411 1537 521 1579 amnes
532 1517 703 1578 sententias
714 1516 746 1574 in
760 1533 855 1576 unam
864 1516 1001 1592 redigere
1011 1521 1139 1577 conatus
1153 1522 1209 1578 est.
1220 1522 1297 1580 Nam

260 1627 371 1686 virtute
382 1626 525 1702 cuiqnam
540 1624 723 1702 dignitatem
739 1623 869 1683 conferri
888 1623 973 1693 dicit,
992 1625 1045 1682 sed
1074 1624 1117 1683 ita
1148 1626 1294 1687 virtutem

261 1733 368 1792 definit
382 1736 416 1790 ut
432 1732 541 1791 ceteris
571 1732 662 1791 bonis
694 1730 826 1807 pretium
844 1730 996 1805 quoddam
1027 1730 1167 1793 tribuat:
1199 1735 1295 1795 virtus

262 1840 343 1899 enim
359 1857 375 1898 e
390 1839 519 1898 materia
548 1842 579 1897 et
596 1840 693 1896 forma
709 1841 832 1896 cunstat
851 1855 982 1912 quarum
999 1838 1062 1897 ltaee
1079 1857 1095 1896 a
1114 1845 1228 1914 mente,
1246 1840 1298 1901 illa

261 1964 333 2006 veru
350 1964 368 2005 a
383 1963 508 2022 corpure
525 1944 572 2004 vel
588 1963 605 2003 a
623 1945 715 2003 rebus
730 1944 865 2003 externis
883 1944 1027 2019 pendetl.
1043 1945 1296 2025 Variaturdigni-
1320 1974 1325 1983 .

262 2057 310 2112 tas
325 2052 486 2111 hominum
501 2070 562 2111 non
579 2051 679 2111 solum
694 2050 720 2110 si
736 2052 843 2123 forma,
861 2051 1024 2110 sedetiam
1040 2051 1065 2110 si
1081 2054 1211 2114 materia
1237 2056 1298 2115 vir-

262 2161 341 2230 tutis
356 2161 504 2232 variatur,
524 2177 586 2218 non
602 2158 702 2218 salum
718 2158 742 2216 si
758 2158 870 2217 mentis
885 2157 1010 2218 habitus
1025 2159 1168 2219 meliores
1179 2165 1233 2221 aut
1247 2181 1299 2238 pe-

261 2268 343 2343 jores
358 2267 447 2338 fiunt,
467 2267 521 2326 sed
536 2266 630 2326 etiam
644 2263 670 2324 si
688 2265 768 2324 vires
791 2265 925 2340 corporis
944 2270 974 2325 et
1002 2266 1091 2342 eopia
1121 2268 1299 2330 divitiarum

263 2377 405 2433 creseunt
420 2372 468 2432 vel
488 2373 680 2432 minuuntur.
698 2372 765 2444 Qua
797 2371 865 2449 lege
892 2373 1004 2448 posita,
1037 2373 1198 2435 videamus
1221 2395 1299 2452 quus

263 2481 422 2557 dignitatis
437 2482 550 2557 gradus
562 2479 741 2539 Aristoteles
759 2479 840 2538 inter
857 2479 996 2538 homines
1008 2482 1215 2542 constituerit.

303 2588 421 2647 Gradus
439 2587 599 2665 dignitatis
614 2585 793 2647 Aristoteles
809 2586 851 2646 ita
872 2588 1031 2647 constituit
1046 2592 1091 2660 ut,
1111 2608 1164 2649 eos
1180 2591 1219 2649 ab
1237 2592 1296 2650 hu-

264 2694 400 2753 millimis
411 2695 449 2753 ad
459 2694 666 2769 amplissimas
677 2698 886 2766 recensentes
898 2694 937 2753 ab
950 2694 1137 2755 animalibus
1147 2698 1183 2756 ad
1195 2698 1299 2758 divina

263 2802 509 2860 ascenderemus.
528 2803 604 2860 Nam
615 2800 779 2859 humillimi
792 2801 952 2860 huminum
967 2806 997 2861 et
1010 2821 1135 2878 corpore
1150 2808 1180 2863 et
1195 2808 1299 2865 mente

265 2907 313 2965 vix
329 2906 515 2968 animalibus
541 2910 694 2983 praestant.
724 2906 877 2966 Animalia
894 2900 1026 2967 rationis·
1052 2900 1190 2986 expertia
1213 2911 1300 2986 eupi-

263 3014 410 3074 ditatibus
428 3015 567 3074 serviunt
578 3013 588 3047 ⁵
598 3031 604 3086 ;
616 3014 759 3072 nesciunt
774 3031 865 3089 quem
881 3014 918 3101 ad
932 3014 1025 3073 finem
1040 3020 1146 3093 agant,
1160 3016 1214 3076 sed
1225 3035 1301 3094 gau-

265 3120 313 3180 dia
329 3119 377 3179 vel
391 3119 495 3180 dolore
512 3119 711 3196 impelluntur
725 3120 763 3179 ad
780 3120 809 3179 id
824 3121 978 3197 agendum
994 3123 1076 3196 quud
1091 3123 1301 3182 necessarium

296 3352 318 3398 1.
337 3348 442 3411 Civitua,
458 3351 503 3398 338
514 3363 545 3410 03
562 3351 680 3414 Gorgias,
697 3351 750 3398 484.

295 3431 317 3476 2.
337 3430 457 3491 Gorgias,
471 3431 516 3478 488
527 3444 550 3490 c,
565 3432 609 3479 489
620 3445 644 3489 e,
659 3432 714 3479 490.

295 3510 318 3557 3.
336 3508 428 3570 Zaller,
450 3510 483 3558 La
499 3508 665 3573 Philosophia
693 3509 740 3559 dea
760 3510 837 3560 Grecs
861 3511 932 3574 (gall.
956 3526 1035 3576 vers,
1057 3513 1113 3565 ,vol
1135 3514 1180 3578 111,
1196 3530 1223 3579 p.
1246 3516 1301 3579 292,

264 3588 329 3649 293).
343 3589 381 3638 cl.
397 3589 549 3643 Aristotelis
563 3589 617 3638 Pol.
634 3592 664 3639 A.
681 3593 703 3639 3.
721 3590 807 3639 lamb
821 3593 859 3640 20.

295 3669 400 3718 [adure
414 3669 496 3732 igitur
509 3669 630 3720 Fechner
641 3671 698 3734 (Op.
710 3672 765 3732 cit„
774 3684 800 3734 p.
810 3673 850 3731 34)
863 3674 931 3735 ἀξίαν
943 3687 992 3736 per
1007 3691 1019 3721 ι(
1031 3674 1167 3725 sittlichen
1181 3676 1276 3725 Werth
1290 3694 1301 3720 a

264 3747 398 3809 reddidit3
416 3750 460 3798 sed
473 3751 533 3812 jnre
551 3750 735 3801 Hildanbrand
749 3751 810 3815 (Op.
827 3752 882 3815 cit,
901 3768 926 3816 p.
945 3755 1001 3818 294)
1016 3754 1085 3805 hanc
1100 3756 1303 3819 interpretatio-

263 3841 325 3877 nem
339 3831 449 3891 rejecil:
465 3842 521 3878 non
537 3829 624 3879 solum
636 3831 709 3880 enim
725 3832 810 3882 virtus
833 3833 976 3883 sedetiam
997 3838 1108 3884 externa
1125 3835 1196 3885 bona
1211 3837 1302 3902 digni-

265 3908 347 3957 tatem
364 3909 542 3958 constituunt.

297 3989 319 4037 5.
338 3987 393 4037 Pol.
406 3989 437 4037 Α.
453 3991 476 4038 5.
494 3990 554 4038 1254
572 3989 589 4038 1)
605 3991 643 4040 23.
