3200 5058
389 624 406 684 2
668 644 702 686 or
722 645 842 688 rrsrnu
864 646 936 688 urob
958 646 1145 690 inrsrorunru

384 769 470 844 justa
486 768 604 843 judicia
629 771 754 830 terenda
779 770 994 843 adhibuerant,
1023 770 1060 833 iis
1082 774 1133 849 jus
1164 793 1304 837 exercere
1321 778 1426 854 potius

388 875 615 952 quamdefinire
626 876 793 953 placuerat.
808 878 927 954 Quippe
937 898 991 939 cur
999 879 1155 954 justitiam
1166 882 1425 959 descripsissent?

387 984 506 1057 Nonne,
526 987 560 1043 ut
575 982 668 1044 Polus
688 985 769 1060 apud
794 984 954 1045 Platonem
979 987 1142 1062 loquitur¹,
1163 1006 1269 1049 omnes
1292 1009 1358 1065 quae
1384 992 1424 1050 sit

382 1089 506 1164 justitia
521 1108 553 1151 se
566 1091 644 1151 scire
658 1092 807 1151 credunt?
821 1093 901 1164 Quid
913 1093 1069 1152 occultunt
1080 1094 1133 1169 jus
1151 1094 1224 1154 illud
1240 1114 1307 1156 esse
1323 1101 1423 1171 potest

386 1197 610 1274 quodquotidie
625 1199 819 1259 inscxcentis
834 1200 1121 1277 civitatibuspalam
1131 1206 1251 1261 creatur
1259 1203 1423 1279 palamque

385 1304 589 1365 immutatur?
604 1307 711 1383 ltaque
724 1307 797 1382 quid
814 1308 906 1366 refert
919 1325 998 1381 eam,
1017 1326 1109 1383 quani
1125 1327 1232 1369 omnes
1256 1315 1419 1384 noverunt,

381 1411 537 1486 justitiam
547 1413 655 1472 docere
666 1413 759 1473 ‘illac
768 1414 905 1473 docenda
923 1418 995 1473 sunt
1011 1416 1174 1491 quaejustae
1187 1415 1271 1494 leges
1283 1417 1422 1476 facienda

382 1519 504 1594 jubent,
519 1538 584 1596 quae
596 1521 749 1580 contraria
764 1521 938 1596 prohibent.
958 1521 1034 1581 Cum
1049 1522 1144 1599 igitur
1159 1524 1197 1582 ad
1212 1542 1303 1582 usum
1320 1525 1422 1599 potius

384 1644 477 1702 quam
485 1627 524 1686 ad
533 1627 703 1687 doctrinam
712 1628 812 1687 omnis
824 1628 874 1687 illa
886 1628 1016 1703 pristina
1025 1629 1177 1705 sapientia
1186 1635 1348 1706 spectaret,
1359 1649 1423 1690 rna·

382 1733 493 1792 teriam
511 1734 645 1794 scientiae
660 1735 790 1809 paravit,
801 1735 963 1794 scientiam
974 1753 1045 1794 vero
1058 1737 1196 1795 nondum
1211 1737 1399 1796 informavit.

423 1842 609 1901 Jamautem
625 1840 751 1901 Periclis
774 1845 875 1915 atate,
892 1841 918 1901 is
934 1841 1030 1900 risum
1055 1843 1203 1902 movisset
1221 1845 1273 1919 qui
1302 1843 1421 1903 Solonis

385 1965 550 2023 personam
566 1949 709 2024 cepisset.
731 1949 808 2007 Turn
826 1948 908 2007 enirn
932 1946 1017 2007 nulla
1034 1953 1080 2008 est
1110 1950 1282 2009 Graecorum
1300 1951 1419 2021 civitas,

384 2054 468 2115 nulla
482 2055 602 2119 colonia
617 2075 682 2133 quae
695 2055 780 2133 leges
796 2074 867 2115 suas
881 2074 943 2114 non
954 2056 1088 2127 habeat;
1105 2074 1193 2131 quas,
1214 2056 1240 2116 si
1256 2057 1339 2129 velit,
1356 2056 1420 2133 ipso

383 2161 524 2238 populus,
549 2163 711 2222 sententiis
729 2163 916 2238 sapientium
939 2161 1101 2238 neglectio,
1128 2166 1237 2222 mutat.
1258 2164 1361 2235 Porro,
1379 2164 1421 2222 ita

383 2270 508 2328 diversae
523 2273 595 2328 sunt
605 2268 690 2347 leges
703 2286 871 2346 graecarum
889 2268 1049 2326 civitatum
1066 2271 1099 2326 ut
1115 2268 1233 2328 incerta
1248 2273 1278 2327 et
1291 2270 1421 2329 obscura

382 2376 502 2451 justitia
517 2395 584 2436 esse
600 2377 749 2435 videatur.
766 2378 872 2451 Itaque
889 2373 1075 2450 philosophi,
1090 2394 1159 2434 euru
1171 2376 1271 2450 prisco
1287 2395 1342 2435 suo
1358 2395 1422 2435 nia-

382 2483 514 2561 gistratu
538 2488 610 2544 sunt
625 2483 754 2560 depulsi,
771 2483 926 2558 justitiam
952 2482 1078 2541 definire
1107 2487 1268 2541 conantur.
1296 2483 1365 2554 ulii,
1387 2487 1422 2541 ut

382 2592 535 2667 sophista,
553 2591 715 2667 populares
730 2595 867 2650 oratores
889 2591 1000 2648 docent
1022 2589 1099 2647 nihil
1116 2588 1198 2648 aliud
1214 2589 1335 2663 justum
1353 2608 1420 2649 csse

381 2698 442 2757 nisi
468 2700 548 2773 quod
571 2697 699 2758 utilitati
722 2698 930 2774 potentiorum
951 2695 1120 2772 indulgeat.
1146 2693 1215 2768 Alii,
1244 2697 1324 2754 inter
1343 2715 1421 2771 quos

382 2805 468 2864 Plato
484 2804 609 2878 eminet,
627 2824 697 2864 cuna
714 2807 795 2881 apud
813 2806 894 2863 cives
919 2822 990 2862 suos
1008 2820 1117 2878 parurn
1147 2802 1281 2876 valeant,
1301 2805 1420 2877 perlec-

380 2917 445 2971 taru
469 2914 634 2988 quamdam
666 2912 821 2971 civitatem
849 2911 938 2986 cujus
963 2909 1048 2987 leges
1068 2910 1159 2983 justae
1184 2909 1255 2982 sint,
1284 2910 1418 2986 fingunt.

379 3019 557 3079 Aristoteles
584 3020 716 3096 denique
739 3019 824 3096 leges
853 3017 992 3076 orunium
1013 3016 1174 3075 civitatum
1197 3020 1226 3074 et
1248 3015 1419 3074 sententias

380 3127 516 3215 omnium
532 3128 783 3204 philosophorum
797 3126 839 3185 ita
857 3123 974 3201 colligit
989 3126 1020 3209 et
1034 3125 1192 3198 eornparat
1207 3127 1240 3181 ut
1258 3121 1419 3182 scientiam

376 3236 455 3310 juris
475 3236 589 3312 primus
604 3235 758 3295 instituat.

377 3438 473 3491 haben.
486 3440 534 3489 Die
544 3438 686 3504 politiscbe
701 3434 853 3499 Thatigkeit
867 3432 914 3482 des
934 3432 1028 3482 Thales
1052 3431 1108 3483 und
1123 3431 1171 3480 der
1188 3429 1368 3494 Pythagoreer
1383 3427 1420 3479 ist

376 3522 505 3583 bekannt,
521 3534 575 3569 von
590 3517 761 3568 Parmenides
776 3515 844 3565 wird
859 3514 1003 3574 berichtet,
1023 3526 1052 3561 er
1072 3512 1141 3561 habe
1158 3512 1246 3561 seiner
1262 3509 1421 3561 Vaterstadt

378 3603 486 3651 Gesetze
498 3600 625 3665 gegeben,
641 3611 694 3647 von
709 3598 789 3658 Zeno,
812 3608 840 3644 or
858 3595 896 3642 sei
913 3594 985 3642 beina
1003 3592 1123 3642 Versueh
1144 3605 1191 3640 zur
1208 3590 1352 3652 Belreiuug
1370 3588 1420 3638 der

377 3684 498 3748 seinigen
513 3682 732 3745 umgekomuren,
756 3674 936 3740 Empedokles
960 3687 1017 3722 war
1035 3673 1082 3721 der
1097 3669 1350 3720 Wiederhersteller
1371 3669 1421 3717 dor

376 3761 548 3814 Deinokratie
563 3760 590 3809 in
605 3758 743 3825 Agrigent,
758 3757 889 3819 Archytas
905 3768 961 3803 war
974 3753 1060 3818 glcieh
1076 3765 1153 3816 gross
1167 3750 1206 3800 als
1221 3750 1351 3799 Feldherr
1363 3748 1420 3797 und

378 3846 559 3900 Stoatsmann,
592 3841 647 3890 und
675 3838 798 3887 Melissus
830 3836 864 3885 ist
888 3833 1113 3884 wahrschciulioh
1138 3831 1272 3890 dersalhe,
1297 3829 1417 3878 walchen

329 3922 331 3927 '
374 3926 417 3974 die
432 3922 588 3974 athenisehe
603 3921 688 3971 Flotte
703 3918 805 3980 besiegt
819 3917 874 3965 hat.
892 3942 919 3950 -
936 3914 977 3975 (11.Δ
991 3928 1016 3977 p.
1034 3916 1073 3974 99,
1088 3925 1115 3961 n.
1136 3914 1158 3960 1.

411 4007 433 4054 1.
453 4004 571 4067 Gorgiae,
588 4015 615 4066 p.
627 4002 671 4049 461
684 4014 705 4049 c.
