3200 5058
761 568 779 595 ο

317 640 352 682 DE
373 638 519 682 DIGNITATE
540 638 572 680 ET
593 636 785 688 malannum
808 637 843 678 DE
864 637 983 679 PRAEMllS
1005 638 1037 679 ET
1058 637 1152 680 1>OEle
1214 618 1251 679 49

219 767 276 824 est.
294 764 353 823 Sed
370 764 451 822 inter
467 763 620 839 ingenuos
635 761 778 821 homines
795 762 908 838 gradus
924 763 1073 837 quosdam
1102 761 1252 821 discerni-

218 890 288 931 mus
308 888 314 929 :
332 888 419 929 mens
430 869 511 929 enim
524 869 618 927 finem
629 869 667 927 ad
683 886 776 943 quem
795 868 894 945 pergit
911 871 978 927 tum
996 868 1088 941 clare,
1108 872 1175 928 tum
1197 868 1252 927 ob-

221 996 308 1037 scure
323 976 467 1052 pereipit;
486 976 566 1034 vires
581 978 686 1034 autem
699 977 767 1033 tum
782 977 906 1047 adsunt,
929 977 996 1034 tum
1013 975 1162 1035 deficiunt
1176 979 1210 1035 ut
1223 976 1254 1034 id

221 1084 372 1144 efficiatur
386 1083 467 1158 quod
485 1085 550 1142 erat
567 1080 769 1158 propositum.
785 1083 822 1141 Et
832 1081 904 1157 quia
915 1100 1080 1157 puerorum
1095 1082 1256 1158 imperfec-

221 1196 272 1251 tus
287 1190 460 1250 intellectus
473 1189 502 1247 id
521 1188 683 1263 quodvult
714 1191 814 1248 lacere
829 1190 940 1262 nescit,
957 1189 1122 1249 mulierum
1149 1195 1252 1250 antem

222 1297 348 1357 inermis
363 1295 538 1355 intellectus
564 1295 595 1352 id
609 1295 690 1369 quod
706 1294 771 1354 vult
788 1297 888 1355 lacere
916 1297 1034 1372 nequit,
1056 1296 1125 1356 ideo
1154 1297 1255 1355 minor

224 1410 271 1465 est
285 1405 487 1480 puerorumet
501 1400 665 1460 mulierum
675 1420 768 1477 quam
783 1402 917 1461 virorum
930 1403 1064 1480 dignitas
1075 1404 1097 1462 ¹.
1115 1405 1156 1463 Ut
1164 1421 1258 1463 eausa

224 1510 392 1571 materialis
407 1513 437 1568 et
450 1526 544 1568 causa
557 1508 694 1568 formalis
712 1509 754 1568 ita
767 1509 927 1568 variantur
937 1511 1051 1587 gradus
1083 1510 1255 1588 dignitatis.

265 1619 338 1679 Cum
355 1634 449 1676 eausa
482 1614 604 1697 formali
632 1615 723 1674 simul
740 1634 835 1675 eausa
864 1617 966 1677 finalis
992 1621 1155 1677 mutatur:
1184 1635 1258 1676 nam

223 1727 318 1784 finem
332 1741 419 1783 mens
432 1721 512 1802 (sive
528 1720 642 1801 torma)
665 1722 723 1781 sihi
744 1703 914 1782 coustituit.
932 1723 1030 1794 Quem
1051 1743 1122 1783 vero
1142 1723 1258 1783 finem‘l

225 1833 314 1906 llunc
331 1848 423 1906 quem
440 1828 600 1888 hominum
627 1829 784 1904 proprium
808 1848 876 1890 csse
900 1830 1081 1890 Aristoteles
1111 1832 1257 1892 dictitat:

225 1956 296 1998 nam
307 1956 377 1997 cum
394 1934 467 2017 φύσει
483 1933 620 1995 πολιτικὸν
637 1941 650 1994 'o
666 1933 821 2018 tropeam
839 1937 889 2010 sit,
909 1938 1030 2014 propria
1044 1939 1179 1999 hominis
1194 1942 1258 2003 vita

226 2044 324 2103 civilis
332 2048 390 2103 est.
402 2043 468 2114 Quo
482 2043 617 2118 aptiores
630 2043 669 2102 ad
682 2061 747 2102 rem
758 2043 914 2118 publicam
922 2047 1090 2122 gerendam
1099 2046 1157 2105 viri
1167 2046 1258 2107 liberi

226 2155 309 2225 sunt,
324 2169 360 2210 eo
380 2150 529 2225 majorem
547 2153 778 2225 consequuntur
803 2151 999 2228 dignitatem.
1014 2153 1113 2224 Quam
1139 2155 1261 2214 obrem

226 2279 289 2319 non
304 2258 403 2318 solum
418 2257 513 2317 animi
523 2257 653 2317 virtutes
668 2258 721 2317 sed
737 2258 831 2318 etiam
846 2262 970 2319 externa
998 2260 1078 2320 bona
1094 2262 1259 2337 requirun-

226 2364 532 2429 innumerabis
550 2365 680 2440 publicis
709 2383 833 2440 operam
855 2384 943 2425 suam
971 2368 1055 2439 dent,
1084 2368 1167 2427 cives
1198 2369 1261 2429 otio

228 2473 286 2532 frui
296 2473 409 2532 debent
423 2470 569 2550 (μηδεμίαν
579 2471 730 2552 ἐργάζεσθαι
740 2472 869 2551 βάναυσον
876 2470 969 2547 τέχνην
979 2472 1005 2552 ³)
1016 2491 1023 2547 ς
1035 2479 1070 2534 ut
1085 2493 1156 2534 vero
1164 2476 1261 2538 otium

227 2580 363 2639 habeant
382 2578 463 2637 cives
480 2596 545 2638 rem
562 2578 718 2652 possidere
733 2579 867 2638 debent:
887 2578 912 2648 ἐξ
937 2576 1024 2661 ἀρχῆς
1039 2579 1090 2661 γὰρ
1104 2580 1186 2641 τοῦθ’
1200 2589 1263 2664 ὁρᾶν

137 2690 141 2701 “
229 2685 284 2745 ἐστὶ
298 2696 353 2744 τῶν
368 2683 594 2763 ἀναγκαιοτῶτνινν,
607 2683 678 2751 ὅπως
690 2690 714 2744 οἱ
729 2682 861 2764 βέλτιστοι
878 2683 1003 2745 δύνωνται
1021 2688 1200 2768 σχολάζειν...
1222 2693 1264 2750 δεῖ

230 2790 337 2872 βλέπειν
353 2791 397 2851 καὶ
413 2789 477 2872 πρὸς
491 2789 611 2871 εὐπορίαν
625 2791 703 2873 χάριν
726 2793 855 2872 tulit&
881 2793 1019 2869 Denique
1050 2813 1176 2871 corpore
1207 2815 1262 2857 suu

229 2917 290 2958 non
304 2898 404 2958 solum
418 2898 457 2957 ad
473 2897 676 2958 necessitates
694 2898 762 2957 vitae
793 2898 998 2959 sublevandas
1021 2903 1075 2960 sed
1102 2904 1197 2962 etiem
1223 2906 1261 2963 ad

231 3005 395 3064 utilitatem
428 3004 561 3064 civitatis
591 3006 830 3080 promovendam
859 3006 986 3083 ingenui
1013 3007 1070 3067 viri
1095 3013 1225 3069 utuntur
1255 3029 1262 3071 ε
1305 3028 1312 3040 ·

232 3322 377 3373 Menschen
390 3323 488 3372 beruht
499 3323 546 3373 aul
556 3323 657 3373 seinem
665 3324 770 3373 Zweck.
784 3340 795 3371 ν
811 3324 936 3375 Attamen
951 3326 1069 3390 dignitas
1081 3327 1199 3379 hominis
1210 3344 1266 3382 non

233 3404 319 3453 solum
335 3417 349 3452 e
361 3416 442 3452 causa
456 3403 529 3452 finali
543 3403 588 3452 sed
604 3418 636 3453 ex
651 3403 783 3469 efficiente
796 3419 877 3454 causa
891 3418 997 3455 necnon
1011 3422 1025 3456 e
1040 3410 1152 3460 materia
1166 3410 1267 3462 forma-

233 3497 285 3546 que
300 3480 408 3547 pendet.

265 3566 287 3611 l.
304 3561 361 3612 Pol.
373 3562 405 3611 A.
419 3563 447 3610 13
473 3564 559 3611 lafita
574 3565 620 3611 12:
636 3568 648 3614 ὁ
664 3571 707 3628 μὲν
719 3566 766 3632 γὰρ
782 3567 859 3625 δοῦλος
876 3567 933 3626 ὅλως
945 3569 985 3618 οὐκ
998 3568 1048 3633 ἔχει
1065 3572 1093 3621 τὸ
1110 3575 1269 3635 βουλευτικόν,

234 3645 261 3694 τὸ
275 3644 299 3692 δὲ
314 3647 369 3698 θῆλυ
383 3643 432 3706 ἔχει
445 3650 495 3706 μὲν,
512 3644 561 3692 ἀλλ’
577 3644 672 3712 ἄκυρον,
687 3649 698 3696 ὁ
714 3647 738 3695 δὲ
755 3658 813 3706 παῖς
832 3648 882 3711 ἔχει
897 3655 949 3713 μὲν,
966 3650 1017 3700 ἀλλ’
1034 3653 1122 3710 ἀτελές.
1138 3652 1176 3702 Cf.
1192 3653 1270 3704 utet.

235 3724 264 3771 Α.
280 3724 303 3772 9,
320 3725 406 3773 l36'la
419 3726 457 3773 16.

266 3805 289 3852 2.
307 3803 367 3852 lille.
380 3803 435 3852 Nic.
450 3804 479 3852 Α.
496 3806 519 3852 5.
536 3804 625 3855 lueth
641 3807 685 3867 ll;
702 3806 736 3855 ol.
751 3806 770 3866 1,
788 3809 811 3856 9.
829 3808 917 3857 llt9b
935 3810 972 3857 18.

268 3884 291 3930 3.
309 3879 382 3932 lllzet'.
399 3883 429 3932 A.
445 3885 469 3932 9.
484 3886 543 3934 1367
554 3898 570 3933 a
582 3887 621 3935 31.

269 3965 291 4011 4.
310 3963 365 4011 Pol.
382 3964 410 4012 B.
427 3966 465 4012 ll.
485 3966 567 4013 l2l3a
580 3966 618 4013 32.
