3200 5058
341 563 379 623 18
619 579 655 622 nn
674 578 795 623 susurra
815 579 888 622 anun
910 578 1097 622 anrsrorrnrn

341 711 388 767 est
414 709 448 766 ut
470 707 565 765 vitani
590 710 728 779 servent;
756 707 956 782 quamebrem
979 706 1089 767 validis
1112 708 1259 767 membris
1282 712 1375 767 utun-

340 819 400 873 tur.
433 816 500 874 Nun
528 813 617 872 aliter
638 813 763 889 quidam
793 815 934 873 hemines
957 813 1093 874 validum
1121 833 1232 890 corpus
1262 816 1375 875 habeut

340 922 378 979 ad
408 921 616 980 necessarium
653 939 745 980 usum
772 919 880 1002 (ἰσχυρὰ
908 923 1020 1000 σώματα
1052 921 1115 1001 πρὸς
1147 921 1198 999 τὴν
1234 919 1375 1002 ἀναγκαίαν

340 1026 481 1107 χρῆσινί),
493 1028 556 1099 sed,
568 1045 744 1103 quanquam
753 1027 883 1087 rationis
894 1028 1058 1104 participes
1069 1033 1151 1102 sunt,
1166 1030 1261 1088 finem
1271 1047 1375 1104 quen}-

340 1137 409 1193 dam
428 1134 592 1210 praevidere
606 1138 637 1193 et
652 1134 763 1210 eligere
781 1153 844 1193 nun
870 1136 1030 1209 possuntl.
1054 1136 1165 1207 Quare,
1184 1136 1242 1194 nisi
1275 1135 1374 1195 aliena

339 1242 482 1300 veluntas
505 1259 557 1299 eus
576 1241 649 1316 quid
673 1241 848 1300 laciendum
875 1242 1009 1316 juberet,
1038 1242 1115 1301 nihil
1147 1242 1229 1301 aliud
1246 1245 1374 1320 agerent

339 1349 398 1407 nisi
416 1348 519 1408 cibunr
530 1352 699 1424 quererent
715 1348 763 1407 vel
779 1366 889 1407 sensus
907 1351 1092 1408 exercerent.
1111 1350 1228 1421 Quibus
1244 1349 1374 1408 homini-

338 1457 407 1529 bus
425 1457 459 1513 ut
481 1455 695 1514 instrumentis
713 1456 777 1514 suis
793 1456 894 1531 opifex
910 1457 931 1527 ³,
955 1456 996 1514 ita
1013 1456 1156 1515 dominus
1171 1457 1210 1515 ad
1238 1457 1374 1540 preposi-

338 1567 405 1621 turn
422 1562 617 1621 efficiendum
633 1562 748 1621 utitur:
765 1565 800 1621 nt
814 1562 1020 1622 iustrumenta
1035 1580 1071 1621 eu
1085 1563 1184 1640 magis
1200 1562 1374 1638 valentque

337 1670 471 1728 firrninra
488 1672 518 1727 et
534 1668 743 1728 tractabiliora
758 1672 841 1741 sunt,
864 1669 908 1728 ita
925 1670 1005 1729 servi
1023 1687 1058 1728 eo
1080 1670 1180 1747 magis
1203 1688 1274 1745 qun,
1295 1670 1372 1729 vali-

338 1778 421 1835 diore
450 1794 576 1852 corpere
586 1776 713 1851 praediti,
733 1775 861 1835 docilius
879 1780 909 1835 et
932 1776 1112 1853 diligentius
1145 1777 1276 1837 dominis
1310 1777 1372 1836 suis

338 1885 447 1959 parent
464 1901 471 1943 :
489 1882 925 1942 hacestse1·v0rumvirtus⁴.
952 1883 1065 1955 Servis,
1080 1887 1114 1941 ut
1132 1883 1234 1943 verbis
1255 1884 1372 1943 Aristu-

337 1990 407 2049 telis
420 1994 553 2061 utamur,
567 1991 731 2049 eademest
746 1993 839 2065 atque
863 1989 1049 2050 animalibus
1069 2013 1084 2045 a
1112 2009 1205 2050 causa
1230 1991 1373 2050 materia-

336 2097 374 2156 lis
391 2121 405 2152 »
424 2096 470 2176 (id
485 2101 532 2156 est
545 2096 670 2176 cerpus)
689 2115 788 2172 neque
807 2116 965 2171 servorum
982 2120 996 2151 ι(
1019 2116 1113 2157 causa
1137 2098 1304 2157 formalis»
1326 2096 1372 2177 (id

337 2207 384 2263 cst
394 2202 530 2282 animus)
543 2223 559 2262 a
576 2206 672 2263 sernia
683 2204 864 2263 animalium
876 2204 967 2281 lunge
981 2205 1080 2263 abest.
1092 2205 1242 2280 Denique,
1257 2208 1291 2264 ut
1304 2205 1371 2264 ani-

337 2311 475 2383 malium,
492 2311 535 2369 ita
557 2328 714 2370 serverum
736 2333 750 2365 a
772 2329 866 2370 causa
878 2311 980 2370 finalis
1002 2334 1017 2365 ν
1033 2311 1071 2371 ab
1094 2311 1195 2371 alienu
1212 2311 1371 2371 intellectu

336 2419 478 2494 pendet⁵.

376 2526 463 2596 Quod
479 2525 504 2583 si
520 2525 588 2600 quis
600 2526 693 2584 finem
704 2526 810 2584 suuml
822 2525 888 2600 ipse
901 2526 1065 2600 praevideal
1074 2529 1165 2601 atque
1177 2525 1282 2602 eligat,
1294 2525 1372 2584 liber

366 2801 388 2847 1.
407 2797 463 2847 Pol.
480 2797 527 2847 loc.
542 2799 596 2859 cit,
614 2800 652 2846 28.

366 2882 389 2928 2.
408 2879 462 2927 Pol.
477 2880 506 2926 A.
522 2880 544 2927 5.
559 2878 644 2926 12511)
655 2880 684 2926 20
697 2893 702 2926 τ
714 2878 821 2946 ἔστιγὰρ
837 2884 902 2943 φύσει
915 2882 1022 2938 botius...
1035 2884 1046 2930 ό
1061 2890 1173 2930 κοινωνῶν
1186 2884 1253 2943 λόγον
1263 2884 1370 2930 τοτούτον

334 3052 362 3105 τῇ
378 3043 470 3105 διάνοίᾳ
483 3050 589 3106 προορᾶν
606 3041 680 3106 ἄρχον
701 3044 766 3103 φύσει
786 3044 825 3091 καὶ
842 3042 953 3101 δεσπόζον
968 3045 1042 3105 φύσει,
1061 3044 1089 3091 τύ
1111 3043 1134 3089 δὲ
1155 3043 1279 3104 δυνάμενον
1295 3047 1370 3092 ταῦτα

246 3114 249 3119 ’
334 3132 366 3187 τῷ
383 3127 475 3186 σώματι
490 3132 566 3171 ποιεῖν
581 3123 711 3187 ἀρχόμενον
729 3126 794 3186 φύσει
809 3126 849 3172 καὶ
863 3123 951 3172 δούλον.
968 3121 1022 3170 Ροό.
1037 3122 1067 3170 Α.
1087 3123 1124 3180 13,
1139 3124 1228 3171 126οᾶ
1245 3123 1290 3170 12:
1307 3127 1385 3195 ὁμὲν4

334 3204 381 3269 γὰρ
397 3205 475 3261 δοῦλος
486 3203 541 3260 ύλως
556 3203 596 3251 οὐκ
611 3204 660 3265 ἔχει
675 3205 702 3252 τὸ
718 3206 894 3267 βουλευτικόν...

365 3286 387 3332 3,
406 3283 458 3332 Pol.
479 3283 650 3331 Α.1.12531]
668 3284 785 3344 2680ᾳῄ
806 3286 885 3345 κτῆμά
903 3301 926 3330 τι
941 3281 1055 3345 ἔμψυχον.
1078 3281 1115 3329 Cf.
1139 3279 1199 3329 Εόόο.
1218 3281 1274 3329 Nic.
1289 3285 1317 3331 Θ.
1332 3282 1370 3329 13.

334 3365 390 3412 1161
405 3378 420 3411 a
434 3364 478 3412 34:
535 3365 585 3413 ἀλλ’
595 3367 643 3414 οἷον
656 3373 748 3427 τεχνίτῃ
759 3365 819 3429 πρὸς
832 3363 931 3429 ὄργανον
942 3366 981 3412 καὶ
993 3368 1057 3426 ψυχῇ
1068 3364 1128 3428 πρὸς
1137 3371 1205 3425 σῶμα
1217 3366 1257 3412 καὶ
1271 3362 1370 3426 δεσπότῃ

333 3447 393 3509 πρὸς
410 3446 518 3493 δοῦλον...
532 3448 543 3493 ό
558 3446 606 3510 γδιρ
620 3445 817 3507 δοῖλοςέμύυχον
833 3443 961 3509 ὄργανον...

364 3528 387 3572 l.
404 3523 461 3572 Pol.
482 3524 512 3572 A.
532 3526 568 3572 13.
590 3526 676 3572 leuba
690 3525 737 3572 35:
801 3526 860 3574 ὥστε
875 3525 943 3579 δῆλον
965 3525 1001 3574 ότι
1017 3527 1056 3574 καὶ
1073 3526 1157 3590 ἀρετῆς
1176 3524 1254 3573 δεῖται
1273 3530 1370 3587 μικρᾶς,

333 3607 373 3654 καὶ
388 3607 501 3660 τοσαύτης
514 3604 576 3662 ὅπως
587 3612 647 3668 μήτε
664 3604 825 3654 δι’όικολοιτίοιν
838 3612 899 3669 μήτε
912 3605 953 3655 nt
970 3606 1058 3655 δειλίαν
1073 3606 1168 3668 ἐλλείψει
1184 3613 1227 3654 τῶν
1240 3603 1322 3669 ἔργων.

364 3687 386 3732 5.
404 3685 443 3733 lta
466 3686 497 3733 ut
516 3698 654 3734 servorun]
682 3686 794 3734 virtutes
818 3699 834 3734 a
857 3685 974 3734 dominis
996 3685 1063 3748 ipsae
1086 3684 1245 3748 pendeant:
1272 3685 1371 3748 φανερόν

331 3775 407 3815 τοίνυν
420 3766 456 3815 ότι
466 3774 507 3823 τῆς
518 3769 628 3824 τοιαύτης
641 3769 725 3833 ἀρετῆς
736 3768 813 3816 αἴτιον
826 3766 888 3815 εἶναι
906 3768 943 3815 δεῖ
955 3775 988 3830 τῷ
1002 3767 1075 3833 δούλῳ
1088 3773 1127 3815 τὸν
1145 3766 1288 3821 δεσπότην...
1303 3762 1370 3826 (Pol.

331 3847 362 3895 A.
380 3848 417 3895 l3.
435 3846 522 3896 12601)
536 3848 568 3908 3).

362 3930 385 3977 6.
404 3926 466 3976 Jure
480 3926 563 3991 igitur
577 3926 698 3977 Fechner
713 3926 820 3990 scripsit
835 3926 894 3990 (Op.
911 3926 963 3988 cit,
983 3939 1009 3989 p.
1026 3926 1080 3989 lla)
1096 3939 1101 3973 :
1118 3942 1130 3972 (ι
1148 3925 1200 3974 Der
1213 3923 1308 3974 Werth
1323 3922 1370 3970 des
