3200 5058
336 624 372 685 10
615 642 791 685 1111511111
814 642 884 684 aruo
907 641 1094 684 aursrorenru

374 770 473 842 Quam
488 768 675 830 sententiam
693 768 774 844 apud
789 767 997 828 Democritum
1013 772 1043 829 et
1057 770 1272 832 Antisthenem
1286 771 1375 848 quasi

334 876 497 948 inclusam,
514 877 595 952 apud
607 876 801 936 Aristotelem
814 876 998 951 explicatam
1013 877 1199 938 invenimus.
1214 879 1255 938 lis
1269 883 1374 938 tamen

334 985 386 1060 qui
402 983 511 1043 leviter
528 983 558 1042 E
560 982 643 1042 thica
657 980 866 1041 Nicomachea
885 982 1024 1060 legerent
1038 984 1218 1044 Aristoteles
1234 985 1373 1061 opinioni

334 1092 542 1167 sophistarum
565 1109 710 1150 assensus
727 1108 794 1149 esse
812 1091 977 1149 videretur.
1005 1093 1082 1149 Nam
1095 1092 1249 1166 justitiam
1276 1111 1371 1169 gene-

335 1199 431 1258 ralem
447 1198 490 1257 ita
502 1197 641 1258 definivit
658 1201 692 1256 ut
707 1196 823 1256 nullam
844 1197 907 1255 vim
931 1198 1058 1257 haheret
1075 1198 1135 1258 nisi
1151 1198 1273 1276 legibus
1293 1218 1375 1258 com-

335 1305 539 1365 mendaretur.
559 1306 616 1364 Per
636 1303 791 1378 justitiam
811 1304 894 1363 enim
918 1322 1041 1363 omnem
1064 1304 1209 1382 intelligit
1229 1307 1375 1380 virtutem

335 1415 488 1487 quatenus
500 1412 538 1470 ad
553 1414 671 1470 ceteros
682 1411 824 1469 homines
838 1413 956 1485 special
967 1413 987 1468 ¹.
1002 1412 1070 1470 Hac
1087 1430 1157 1471 vero
1175 1413 1239 1471 sine
1253 1412 1373 1489 legibus

334 1538 398 1577 non
421 1518 549 1595 vigeret.
572 1520 667 1594 Leges
701 1517 783 1576 enim
806 1518 917 1592 jubent
947 1522 981 1576 ut
1005 1536 1111 1577 omnes
1136 1519 1265 1578 virtutes
1290 1520 1372 1578 eola-

334 1643 414 1696 mus‚
435 1624 483 1683 vel
498 1624 600 1700 potius
626 1627 661 1683 ut
682 1642 788 1701 omnes
804 1624 935 1683 virtutes
955 1625 993 1683 ad
1018 1624 1183 1684 utilitatem
1202 1629 1374 1685 ceterorum

335 1732 448 1809 civium
468 1736 632 1790 vertamus.
655 1733 722 1790 Non
747 1731 847 1790 solum
872 1731 1038 1806 justitiam,
1056 1732 1109 1791 sed
1124 1732 1371 1808 temperantiam,

336 1838 557 1909 fortitudinem,
591 1838 817 1915 benignitatem
852 1836 936 1915 leges
971 1840 1193 1914 praescribunt:
1218 1839 1374 1920 προστάττει

335 1943 390 2004 δ”ο
408 1943 486 2024 νόμος
500 1952 544 2004 καὶ
558 1944 593 2005 τὰ
607 1951 653 2004 τοῦ
667 1942 780 2024 ἀνδρείου
792 1946 859 2025 ἔργα
875 1949 996 2004 ποιεῖν...
1016 1952 1060 2004 καὶ
1082 1949 1117 2005 τὰ
1138 1957 1183 2005 τοῦ
1203 1948 1372 2027 σώφρονος...

332 2058 376 2111 καὶ
396 2050 431 2111 τὰ
451 2064 496 2112 τοῦ
518 2054 640 2134 πράου...
660 2058 760 2131 ὀμοίως
781 2050 809 2110 δὲ
832 2055 929 2111 καὶτὰ
953 2055 1021 2112 κατὰ
1043 2055 1091 2119 τὰς
1113 2052 1196 2120 ἄλλας
1218 2050 1313 2134 ἀρετὰς
1331 2060 1375 2113 καὶ

335 2159 478 2240 μοχθηρίας
507 2163 541 2218 τὰ
570 2157 619 2239 μὲν
644 2157 758 2218 κελεύων
787 2162 821 2218 τὰ
847 2157 1077 2240 δ’ἀπαγορεύωνῖ.
1112 2161 1375 2232 Quemadmodum

336 2267 520 2342 omniaque
537 2266 621 2343 leges
646 2266 785 2324 facienda
803 2266 915 2341 jubent
942 2268 1075 2342 quodam
1095 2285 1189 2329 sensu
1202 2269 1287 2344 J'usta
1305 2272 1376 2327 simt

337 2371 429 2453 (δῆλον
452 2373 493 2432 ὃτι
519 2375 658 2433 πάντατὰ
677 2371 777 2451 νόμιμά
801 2374 874 2431 ἐστίν
895 2398 950 2439 πως
972 2372 1088 2453 δίκαια),
1107 2374 1150 2433 ita
1167 2393 1272 2433 rursus
1291 2375 1375 2452 leges

1033 2461 1039 2471 u

335 2480 492 2539 adomnia
508 2498 573 2555 111111
589 2482 688 2538 lacere
706 2478 1376 2560 11111111151111111111οἱδὲνόμοιἀγορεύουσι

334 2592 394 2665 περὶ
416 2585 595 2666 teterrimi:
613 2585 690 2644 nihil
708 2605 780 2663 ergo
799 2587 919 2661 justum
936 2591 983 2645 est
1007 2588 1087 2663 quod
1108 2587 1230 2664 legibus
1253 2606 1315 2646 non
1337 2589 1378 2646 sit

336 2693 556 2768 praescriptum,
573 2696 665 2768 atque
687 2693 788 2752 omnia
807 2712 872 2769 quae
894 2686 1014 2771 legibus
1040 2695 1277 2770 praescribuntur
1291 2695 1378 2768 justa

335 2804 417 2859 sunt.
436 2800 563 2859 iustitia
589 2799 742 2877 generalis
771 2818 867 2875 usque
890 2819 950 2876 quo
967 2800 1026 2873 lex,
1044 2799 1093 2859 lex
1114 2819 1185 2860 vero
1202 2820 1376 2877 usquequo

333 2907 453 2983 justitia
480 2926 512 2967 se
539 2907 697 2967 extendit:
723 2925 825 2965 nonne
846 2907 1031 2983 principium
1046 2908 1174 2983 justitiae
1202 2908 1234 2966 in
1255 2908 1377 2986 legihus

367 3115 389 3160 1.
407 3111 468 3160 Eth.
484 3111 541 3159 Nic.
555 3112 584 3159 E.
600 3113 623 3160 3.
637 3112 697 3160 1129
712 3110 729 3159 h
743 3110 833 3170 25-273
848 3112 908 3159 1139
920 3124 935 3159 a
947 3112 971 3159 3.
988 3110 1025 3159 Cf.
1041 3110 1096 3159 Pol.
1113 3118 1140 3160 Γ.
1158 3114 1195 3160 13.
1213 3113 1300 3160 12831
1316 3111 1353 3159 38.

366 3195 389 3240 2.
407 3190 539 3241 11111111.
563 3192 592 3240 E.
609 3194 631 3240 3.
647 3191 738 3239 11291)
754 3193 836 3239 19-21.
860 3191 1007 3239 Ramsauer
1028 3190 1084 3253 (Ar.
1101 3190 1160 3240 Eth.
1178 3192 1245 3255 Nic,
1270 3206 1297 3254 p.
1320 3190 1376 3249 290)

335 3272 505 3321 Aristotelem
516 3271 690 3335 reprehendit
704 3272 776 3334 quod
789 3288 802 3317 «
814 3270 970 3320 inductione
983 3270 1140 3333 imperfecta
1149 3272 1352 3321 demonstratur
1362 3288 1376 3317 u

335 3352 362 3400 id
376 3352 447 3414 quod
464 3352 514 3400 sihi
529 3353 715 3415 proposuerat.
739 3352 929 3411 «1111111111,
950 3351 1048 3413 111111111,
1067 3351 1225 3400 Aristoteles
1243 3352 1301 3414 lege
1320 3351 1378 3400 vult

333 3432 422 3495 juberi
442 3431 565 3479 homines
588 3431 711 3480 liberales
731 3433 839 3478 essem?
863 3431 932 3479 Num
947 3437 1045 3494 νόμιμον
1065 3432 1201 3494 putaverit
1216 3446 1275 3480 esse
1291 3433 1320 3481 ut
1336 3438 1378 3481 τοῦ

335 3512 483 3562 κα1οϋὲνεκα
499 3524 612 3573 quaeque
631 3510 882 3573 1)1111111111111...1·»
897 3539 928 3545 -
942 3512 976 3560 Α1
991 3510 1148 3561 Aristoteles
1169 3512 1274 3560 monuit
1293 3510 1376 3576 justi-

337 3594 402 3642 tiam
419 3594 463 3655 οὐχ
476 3595 554 3649 ἁπλῶς
567 3591 694 3639 virtutem
710 3604 777 3650 esse,
794 3591 840 3639 scd
859 3599 916 3655 πρὸς
928 3592 1005 3654 ἕτερον
1019 3592 1164 3640 virtutem:
1181 3592 1224 3640 lex
1240 3605 1303 3656 ergo
1322 3592 1378 3641 non

335 3681 376 3723 τοῦ
387 3677 456 3723 καλοῦ
471 3674 538 3721 ἕνεκα
554 3670 600 3719 sed
623 3677 663 3720 τοῦ
682 3674 760 3734 ἑτέρου
782 3672 848 3721 ἕνεκα
867 3686 981 3734 quaeque
997 3671 1125 3735 perficere
1143 3672 1228 3735 juhet.
1254 3672 1327 3731 Quod
1344 3671 1378 3720 ad

336 3753 524 3803 liberalitatem
540 3751 665 3815 pertinet,
682 3765 739 3800 eam
756 3757 817 3818 νόμῳ
832 3752 920 3814 juberi
936 3752 996 3800 ideo
1009 3752 1066 3801 vult
1079 3752 1236 3801 Aristoteles
1252 3753 1315 3814 quia
1330 3766 1379 3816 por

337 3836 388 3884 hoc
403 3834 516 3883 verbum
532 3834 619 3895 (νόμος)
634 3845 689 3882 non
702 3832 789 3881 solum
803 3832 874 3895 leges
890 3832 936 3881 sed
951 3847 1039 3888 mores
1052 3831 1185 3897 intelligit.
1199 3832 1236 3881 Gt.
1254 3833 1379 3892 Stewart,

337 3915 414 3963 Notas
426 3929 459 3961 on
475 3913 517 3962 the
532 3911 723 3961 Nicomochcon
737 3910 835 3972 uenies,
852 3911 906 3960 vol.
922 3913 942 3972 Ι,
959 3927 986 3976 p.
1001 3912 1055 3960 389.

368 3997 390 4042 3.
409 3993 470 4043 Eth.
485 3994 542 4042 Nic.
559 3993 588 4042 E.
605 3995 627 4041 3.
647 3994 707 4041 1129
726 3993 742 4041 h
759 3993 844 4040 12-14.
